3275 5317
1025 605 1151 660 VIE
1194 605 1290 660 DE
1328 605 1547 663 LOUIS
1586 607 1680 664 LE
1721 607 1931 670 GROS.
2445 617 2516 675 71

409 742 801 810 Carnotum
844 734 1284 834 depopulans
1302 791 1322 828 ,
1394 738 1657 833 rapinis
1701 754 1772 810 et
1824 739 2166 812 incendiis
2215 767 2522 840 expone-

412 853 563 926 bat.
604 850 879 923 Nobilis
924 874 1099 922 vero
1124 851 1482 923 comitissa
1513 877 1681 924 eum
1709 852 1860 925 filio
1883 853 2297 952 aliquand0,
2362 859 2528 932 licet

410 967 617 1040 tarde
637 982 709 1038 et
727 965 1262 1056 insufficienter,
1285 983 1503 1064 prout
1532 983 1838 1064 poterat,
1858 969 2100 1042 ulcisci
2123 971 2483 1044 nitebatur
2505 1003 2520 1046 ε

410 1107 785 1181 nunquam
836 1097 1078 1154 tamen
1116 1097 1241 1154 aut
1287 1082 1405 1154 vix
1451 1084 1748 1156 Puteolo
1792 1108 1834 1154 a
1886 1085 2310 1160 milliaribus
2361 1105 2528 1163 octo

410 1226 537 1273 seu
560 1199 816 1272 decem
844 1197 1537 1296 appropinquabant.
1589 1201 1806 1272 Tanta
1843 1217 1993 1273 erat
2037 1205 2356 1298 Hugonis
2397 1229 2526 1276 au-

412 1315 642 1400 dacia,
680 1329 875 1386 tanta
906 1314 1343 1411 potestativae
1377 1313 1723 1412 superbiae
1755 1315 2176 1412 suppetebat
2203 1317 2526 1410 facultaS,

412 1445 493 1502 ut
520 1431 719 1502 cum²
749 1429 961 1526 pauci
992 1427 1393 1524 diligerent,
1441 1429 1650 1500 multi
1686 1430 2071 1522 servirent3
2114 1457 2282 1504 cum
2318 1433 2530 1506 multi

412 1545 505 1617 ad
530 1544 1053 1635 defensionem,
1086 1543 1543 1642 quamplures
1575 1544 1710 1642 ipsi
1735 1544 1947 1615 etiam
1984 1545 2078 1618 ad
2105 1546 2529 1622 destructio-

418 1685 587 1732 nem
616 1661 1056 1733 anhelarent.
1093 1659 1309 1754 Magis
1346 1661 1540 1730 enim
1578 1658 1965 1732 timebatur
1999 1685 2218 1758 quam
2249 1663 2534 1736 amaba-

417 1793 559 1850 tur.
601 1783 783 1849 Cum
827 1789 1069 1846 autem
1126 1797 1368 1845 comes
1424 1773 1753 1871 praefatus
1796 1773 2245 1848 Theohaldus
2294 1773 2534 1876 perse

412 1919 702 1992 parum,
762 1915 896 1990 per
950 1914 1193 1985 regem
1254 1889 1566 1961 multum
1617 1889 1968 1988 proficere
2021 1893 2096 1963 in
2158 1897 2532 1987 Hugonem

415 2007 918 2108 perpenderet,
990 2031 1159 2076 cum
1203 2006 1643 2078 nobilissima
1703 2022 1967 2099 matre,
2035 2033 2193 2105 quae
2259 2033 2535 2107 semper

420 2125 761 2196 nobiliter
791 2123 937 2216 regi
986 2123 1251 2193 servire
1288 2138 1775 2216 consueverat,
1819 2122 1913 2195 ad
1954 2149 2123 2196 eum
2161 2122 2527 2215 ae‘celerat,

426 2256 506 2312 ut
543 2238 933 2338 opituletur
965 2236 1210 2309 multis
1258 2236 1592 2334 precihus
1640 2237 1910 2336 pulsat,
1966 2237 2198 2309 multo
2243 2238 2530 2310 servitio

419 2353 571 2450 ejus
628 2377 845 2450 opem
906 2353 1251 2423 meruisse
1293 2365 1774 2448 repraesentat.
1819 2350 2139 2444 Hugonis
2175 2347 2528 2446 quaedam,

414 2469 663 2567 patriS,
706 2470 854 2558 avi,
890 2483 961 2538 et
993 2483 1369 2538 atavorum
1419 2465 1814 2563 opprobria
1856 2479 2176 2564 reportat
2190 2467 2258 2534 ¹:
2304 2495 2338 2531 α
2381 2467 2532 2536 Me-

426 2613 463 2652 «
496 2607 809 2670 morare,
864 2583 1219 2680 inquiens,
1261 2580 1553 2653 domine
1596 2605 1750 2671 rex,
1796 2580 1979 2652 sieut
2027 2578 2235 2652 decet
2265 2580 2531 2675 regiam

434 2732 469 2767 α
505 2700 965 2796 majestatem,
1001 2698 1373 2797 opprobrii
1412 2713 1477 2769 et
1504 2697 1898 2800 dedecoriS,
1951 2696 2149 2794 quod
2180 2721 2354 2769 avus
2383 2701 2532 2770 Hu-

439 2846 473 2882 α
514 2817 715 2912 gonis
739 2815 917 2914 patri
954 2830 1083 2886 tuo
1116 2814 1448 2912 Philippo
1480 2813 1703 2884 foedus
1734 2811 2049 2909 perjurio
2076 2811 2338 2904 intulit,
2368 2837 2536 2884 eum
2653 2911 2664 2920 ἡ
2759 2890 2772 2899 ,

432 2961 471 3000 «
502 2955 695 3020 eum,
756 2931 1017 3002 multas
1080 2929 1305 3001 illatas
1366 2928 1655 3024 injurias
1705 2927 1948 2999 ulcisci
2000 2927 2448 3018 innitentem,
2494 2951 2536 2997 a

430 3077 465 3112 ιι
510 3046 804 3118 Puteolo
832 3047 1133 3144 turpiter
1158 3043 1482 3142 repulit',
1532 3045 1714 3115 fastu
1763 3043 2210 3140 nequissimae
2241 3067 2540 3113 consan-

430 3193 467 3230 α
498 3162 885 3259 guinitatiS,
944 3162 1277 3233 factiosae‘
1332 3160 1903 3258 conspirationis,
1963 3157 2346 3230 exercitum
2385 3158 2539 3253 ejus

432 3309 469 3346 α
501 3303 727 3376 usque
762 3277 1217 3350 Aurelianum
1258 3276 1545 3371 fugavit,
1578 3289 1870 3372 captum
1914 3274 2250 3346 comitem
2289 3273 2536 3344 Niver-

431 3425 469 3460 ι(
508 3417 830 3485 nensem,
854 3392 1315 3464 Lancelinum
1336 3390 2063 3486 Baugenciaeensem⁸,
2083 3385 2341 3460 milites
2355 3411 2537 3483 pene

436 3539 471 3576 α
507 3523 827 3598 centum,
849 3522 921 3577 et
938 3504 1135 3604 quod
1164 3503 1509 3577 hactenus
1540 3503 1943 3575 inauditum
1975 3517 2151 3591 erat,
2172 3500 2542 3597 episcopos

439 3655 475 3691 α
512 3622 865 3721 quosdam
896 3645 1176 3695 carcere
1208 3645 1337 3692 suo
1365 3619 1878 3691 dehonestavit.
1916 3648 1950 3683 n
1975 3614 2301 3687 Addebat
2326 3615 2538 3685 etiam

432 3736 992 3838 improperando
1060 3761 1201 3834 qua
1262 3759 1469 3807 causa
1484 3791 1503 3828 ,
1573 3759 1714 3830 qua
1777 3732 2046 3826 origine
2066 3785 2087 3820 ,
2161 3731 2236 3801 in
2299 3728 2540 3802 medio

516 3946 574 4000 1.
605 3947 753 4000 Eum
776 3943 977 4001 12710
1003 3959 1070 3996 ac
1096 3939 1231 3997 edd.
1258 3971 1339 3984 --
1370 3941 1432 4004 2.
1463 3941 1535 3996 V.
1557 3937 1740 4007 Infra,
1767 3935 1830 3992 in
1857 3933 2158 3992 observat.

516 4037 577 4094 3.
604 4038 779 4094 Anno
808 4033 987 4091 1078.
1025 4063 1105 4077 -
1128 4035 1187 4090 4.
1226 4035 1494 4089 Factione
1527 4033 1745 4088 12710.

518 4130 579 4185 5.
606 4131 1175 4202 Baugienciacensem
1216 4125 1355 4182 54³3.
1388 4155 1468 4167 —·-
1494 4120 1570 4178 Hi
1602 4131 1736 4178 sunt
1768 4117 2107 4179 Guillelmus
2139 4121 2190 4190 1,
2218 4133 2407 4178 comes
2432 4114 2544 4174 Ni-

432 4217 754 4292 vernensis,
792 4229 851 4278 et
874 4217 1216 4278 Lancelinus
1246 4219 1327 4289 11,
1360 4214 1625 4275 dominus
1651 4211 2049 4292 Bangenciaci,
2077 4211 2140 4270 in
2165 4229 2316 4292 pago
2350 4213 2544 4269 Aure-

433 4309 702 4372 lianensi.
