3275 5317
915 579 1040 636 vm
1075 579 1178 635 DE
1205 577 1428 637 Loms
1464 578 1560 635 LE
1599 577 1817 637 Gnos.
2400 585 2473 642 63

357 732 568 781 orare
597 705 894 805 fingens,
912 733 1058 806 quo
1081 709 1376 781 intraret
1401 709 1495 782 ad
1526 710 1940 783 Gnidonem
1974 709 2292 807 ingressu
2316 738 2475 813 spe-

358 824 662 914 culatus,
687 850 774 896 eo
815 850 964 922 quo
1009 824 1250 898 Guido
1303 828 1486 899 ostio
1531 827 1801 899 intrare
1838 826 2209 901 ecclesiam
2248 846 2477 903 matu-

355 939 592 1029 rabat,
647 940 944 1037 irrupit;
999 956 1388 1038 exertoque
1447 940 1711 1037 gladic,
1761 966 1929 1014 cum
1992 944 2469 1043 nequissimiS,

357 1055 590 1141 sociis,
646 1055 939 1155 propria
1001 1056 1372 1153 iniquitate
1426 1056 1911 1130 debacchatus
1956 1059 2153 1145 furit,
2202 1061 2476 1159 impru-

357 1168 650 1244 dentem
670 1223 692 1262 ,
759 1185 832 1243 et
845 1225 866 1262 ,
931 1172 988 1242 si
1055 1196 1200 1243 non
1267 1172 1561 1243 sentiret
1617 1172 1933 1268 gladium
1953 1230 1974 1267 ,
2042 1175 2473 1251 arridentem

353 1284 686 1379 percutit,
733 1296 996 1355 mactat
1036 1298 1108 1355 et
1156 1282 1418 1381 perdit.
1470 1283 1686 1371 Quod
1730 1284 1993 1358 nobilis
2035 1288 2255 1386 ipsius
2282 1314 2471 1361 con-

345 1396 523 1493 junx
550 1396 832 1491 videnS,
869 1397 1149 1496 stupida
1167 1423 1380 1497 genas
1409 1414 1482 1470 et
1517 1398 1811 1497 capillos
1835 1401 2171 1475 muliebri
2196 1404 2471 1477 ultione

351 1512 767 1605 dilacerans,
806 1514 900 1588 ad
943 1516 1284 1589 maritum
1326 1516 1573 1606 currit,
1615 1532 1928 1589 mortem
1982 1542 2127 1591 non
2184 1546 2463 1615 curanS,

352 1628 578 1727 seipsa
622 1655 834 1729 super
869 1654 1038 1703 eum
1081 1656 1423 1704 corruens
1455 1631 1686 1731 operit
1728 1659 1744 1702 z
1821 1664 1859 1701 <t
1922 1636 2056 1728 Me,
2109 1635 2465 1735 inquienS,

355 1772 394 1813 c<
429 1768 550 1817 me
587 1746 948 1837 miseram,
986 1762 1056 1818 et
1087 1748 1188 1819 sic
1231 1745 1418 1819 mori
1460 1746 1793 1819 meritam
1832 1750 2096 1847 potius,
2148 1750 2469 1825 vilissimi

359 1892 396 1929 α
428 1862 821 1953 carnifices,
855 1862 1296 1936 detruncate.
1327 1892 1362 1931 »
1401 1866 1737 1961 Ictusque
1772 1878 1845 1935 et
1870 1864 2169 1937 vulnera
2196 1867 2461 1963 gladia-

349 1994 617 2069 torum,
635 1981 898 2052 marito
929 1981 1394 2080 superposita,
1417 1981 1809 2079 excipiens:
1852 2011 1887 2049 «
1912 1982 2107 2069 Quid
2140 1986 2213 2054 in
2235 1985 2457 2075 istos¹,

358 2120 396 2161 κ
433 2094 812 2181 carissime,
869 2094 1253 2191 deliquisti,
1315 2094 1612 2193 sponse?
1679 2098 1933 2166 Nonne
1990 2111 2061 2168 et
2122 2122 2340 2191 gener
2397 2113 2470 2169 et

359 2238 395 2275 α
431 2234 634 2282 socer
671 2210 878 2282 amici
921 2208 1450 2282 indissolubiles
1496 2209 1710 2281 eratis
1731 2210 1769 2283 ⁸?
1822 2212 2168 2297 Quaenam
2207 2227 2313 2283 est
2360 2212 2471 2283 in-

355 2354 390 2390 α
429 2326 670 2397 sauia?
709 2325 906 2398 Pleni
937 2325 1103 2397 estis
1135 2326 1400 2398 mania.
1443 2354 1480 2391 n
1516 2329 1753 2412 Quam
1796 2350 1966 2395 cum
2004 2348 2139 2422 per
2179 2326 2471 2423 mpillos

343 2454 840 2539 retorquentes
891 2437 1381 2535 digladiatam,
1445 2442 1851 2538 punctam²,
1927 2455 2000 2512 et
2062 2464 2247 2539 pene
2310 2456 2469 2517 toto

343 2578 646 2653 corpore
693 2578 942 2627 caesam
999 2552 1440 2643 avulsissent,
1479 2553 1717 2624 virum
1774 2569 2007 2626 morte
2063 2556 2461 2655 turpissima

344 2684 838 2766 peremerunt,
870 2668 1173 2741 infantes
1201 2694 1380 2766 quos
1416 2670 1872 2760 invenerunt,
1905 2672 2302 2744 Herodiana
2341 2698 2465 2745 ne-

345 2785 600 2881 quitia,
638 2807 818 2881 rupe
847 2782 1083 2856 allisos
1109 2784 1580 2857 extinxerunt.
1638 2787 1965 2882 Cumque
2011 2786 2149 2859 hac
2186 2804 2255 2859 et
2299 2788 2465 2863 illac

343 2898 756 2973 frendentes
789 2898 1427 2987 debaccharentur,
1459 2901 1713 2999 supina
1748 2900 2028 2991 mulier,
2064 2903 2305 2975 levans
2336 2906 2469 2977 mi-

341 3040 581 3087 serum
635 3031 872 3114 caput,
931 3031 1265 3087 truncum
1317 3017 1657 3089 maritum
1690 3018 2175 3112 recognoscit3
2218 3042 2465 3092 amore

343 3146 570 3230 rapta,
610 3154 752 3229 qua
782 3133 1018 3229 potuit
1037 3132 1486 3229 impotentia,
1525 3156 1817 3230 serpens
1852 3156 2057 3204 more
2086 3135 2460 3231 serpenti5‚

341 3270 416 3317 se
432 3261 656 3319 totam
689 3247 1151 3343 sanguineam
1172 3248 1677 3338 contrectans³,
1701 3246 1795 3319 ad
1817 3248 2121 3319 cadaver
2140 3250 2464 3321 exanime

338 3358 651 3453 devenit,
697 3374 771 3432 et
822 3384 1292 3459 quaecumque
1333 3375 1640 3460 poterat,
1704 3385 1787 3432 ac
1822 3362 1881 3433 si
1930 3362 2157 3451 vivo⁸,
2218 3360 2461 3433 oscula

342 3477 734 3572 gratissima
772 3476 1220 3575 porrigebat;
1254 3492 1328 3549 et
1357 3474 1645 3572 lugubri
1670 3500 2054 3576 erumpens
2080 3476 2457 3571 cantilena,

422 3729 451 3785 1
475 3771 490 3788 .
522 3728 682 3803 Quid
705 3728 764 3783 in
792 3729 919 3799 isto,
947 3728 1035 3780 ait
1063 3723 1245 3783 6265.
1275 3753 1356 3769 --
1389 3724 1630 3798 Quando
1665 3726 1727 3777 in
1750 3727 1885 3779 istos
1901 3721 1998 3781 ed.
2026 3722 2228 3780 Germ.

422 3822 480 3878 2.
511 3824 784 3879 Putet-tam
827 3820 1046 3889 12710,
1081 3817 1238 3877 6265
1275 3836 1344 3875 ac
1383 3816 1524 3875 edit.
1556 3813 1851 3875 Benedict.
1884 3844 1965 3862 —
1998 3820 2305 3877 Punnttam
2343 3821 2457 3880 543

340 3923 400 3970 et
427 3915 565 3971 135.
595 3944 674 3958 —-
697 3916 968 3971 Punitam
999 3908 1136 3969 edd.
1169 3910 1368 3969 Germ.
1405 3920 1464 3968 et
1491 3906 1702 3969 Chesn.
1731 3940 1811 3955 --
1830 3910 1995 3968 Hanc
2024 3928 2225 3969 vocem
2249 3909 2463 3971 omittit

341 4006 600 4159 ὕθὲῗςὲὶο
625 4109 785 4175 quat.
813 4094 984 4158 codd.
1019 4106 1191 4173 atque
1219 4092 1518 4154 Benedict.
1539 4124 1619 4141 ——-
1646 4096 2021 4171 contorquens
2049 4097 2165 4155 135
2203 4106 2262 4154 et
2287 4093 2456 4175 reliq.

338 4188 474 4249 edd.

419 4286 478 4345 4.
518 4287 658 4341 Viro
685 4284 778 4342 ed.
810 4282 1020 4343 Chesn.
1045 4312 1123 4326 —-
1146 4286 1400 4349 Summe,
1426 4299 1536 4360 pro
1561 4300 1631 4337 ac
1654 4286 1707 4337 si
1731 4286 1867 4353 vivo,
1893 4278 1989 4340 ed.
2020 4282 2219 4341 Germ.
