3275 5317
815 552 930 609 40⁰
1249 548 1383 606 OEu
1391 547 1578 605 vnsss
1617 529 2047 607 computus
2086 548 2189 603 ns
2228 546 2501 607 suem.

818 684 1052 767 Quam
1082 675 1406 749 videlicet
1435 673 1890 771 magnificam
1916 674 2373 747 devotionem
2406 700 2609 747 suam
2628 676 2725 749 ad
2754 690 2939 748 tem·

723 819 748 855 ι
821 816 957 891 pus
995 792 1352 865 occultare
1396 791 1787 876 maluisset,
1824 805 2112 887 propter
2146 792 2455 863 incertos
2494 794 2750 882 exitus,
2788 792 2939 862 sive

819 924 904 981 ut
939 907 1348 1004 jactantiam
1393 906 1788 977 declinaret
1820 932 1834 975 ε
1878 928 2126 977 verum
2168 906 2415 1001 ingens
2452 907 2645 978 illam
2688 906 2939 1006 prodi-

825 1021 934 1095 dit
971 1037 1378 1121 apparatuS.
1425 1024 1602 1093 Nam
1644 1019 1898 1093 exinde
1942 1020 2133 1118 cepit
2164 1036 2478 1118 satagere
2506 1038 2586 1093 ut
2616 1046 2745 1120 per
2786 1046 2941 1093 ma-

821 1163 958 1209 nus
981 1137 1162 1210 sacri
1187 1141 1240 1207 T
1241 1135 1458 1235 empli
1479 1136 1792 1207 militum
1814 1151 2139 1233 sumptus
2164 1152 2373 1209 tantae
2386 1137 2491 1208 rei
2508 1139 2943 1210 necessarios

827 1253 1398 1349 Hierosolymam
1445 1251 1930 1350 praemitteret,
1969 1277 2057 1323 ex
2090 1251 2203 1323 his
2239 1252 2507 1326 scilicet
2540 1253 2945 1327 redditibus

828 1394 1010 1467 quos
1039 1368 1334 1469 proprio
1353 1367 1614 1439 sudore
1648 1366 1757 1439 vel
1778 1366 2062 1439 solertia
2090 1369 2524 1441 monasterio
2554 1367 2937 1465 adjecerat.

834 1484 1041 1557 Unde
1069 1500 1261 1557 recte
1287 1482 1528 1557 nullus
1557 1480 2081 1581 indignabitur,
2102 1483 2157 1555 si
2180 1483 2567 1557 attenderit
2590 1500 2941 1583 quantum

827 1598 1017 1671 illius
1046 1598 1284 1672 studio
1315 1624 1567 1671 omnes
1593 1598 1901 1679 ecclesiae
1934 1600 2409 1697 possessiones
2438 1600 2510 1671 in
2540 1598 2943 1673 redditibus

827 1716 1209 1809 creverint,
1271 1731 1450 1814 quot
1497 1716 1712 1789 etiam
1766 1714 2029 1815 praedia
2076 1715 2454 1813 adquisita,
2510 1730 2777 1814 quotve
2830 1740 2947 1789 ec-

831 1830 1056 1904 clesiae
1080 1831 1523 1930 temporibus
1553 1831 1741 1903 illius
1772 1830 2211 1903 monasterio
2242 1833 2387 1904 sint
2416 1830 2681 1905 addita.
2716 1837 2945 1903 Porro

833 1946 1076 2019 omnia
1097 1946 1398 2019 faciebat
1415 1947 1648 2045 specie
1683 1946 2003 2044 quidem,
2026 1948 2226 2045 quasi
2256 1972 2393 2045 pro
2424 1972 2500 2019 se
2532 1946 2709 2019 alios
2736 1972 2941 2045 para-

831 2077 942 2135 ret
972 2061 1305 2159 dirigere3
1341 2088 1418 2134 re
1447 2076 1686 2135 autem
1720 2086 1913 2151 vera,
1948 2062 2008 2133 si
2034 2061 2320 2135 daretur
2350 2064 2493 2134 vita
2522 2086 2790 2152 comes,
2814 2086 2945 2161 per

833 2178 1142 2277 seipsum
1185 2178 1640 2277 profecturus
1675 2192 1743 2249 et
1783 2178 2234 2276 propositum
2270 2202 2748 2275 aggressurus,
2772 2182 2943 2275 Spe-

831 2293 1036 2367 rabat
1077 2293 1476 2391 adjutorem
1502 2292 1638 2365 sibi
1673 2294 1827 2367 fore
1860 2294 2477 2394 Omnipotentetn‚
2508 2294 2635 2391 qui
2664 2294 2741 2365 in
2776 2318 2949 2392 pau·

833 2411 934 2483 cis
959 2432 1160 2508 aeque
1191 2426 1269 2483 ut
1304 2414 1378 2484 in
1416 2410 1657 2483 multis
1686 2410 2057 2483 consuevit
2084 2409 2317 2505 dignis
2354 2424 2687 2509 praestare
2718 2410 2947 2481 victo·

835 2526 1042 2617 riam,
1088 2524 1546 2599 considerans
1578 2526 1654 2596 in
1690 2523 1947 2597 talibus
1976 2524 2279 2597 consilio
2314 2549 2499 2623 opus
2526 2548 2679 2597 esse
2712 2523 2951 2622 potius

835 2666 1051 2738 quam
1083 2640 1379 2733 viribus,
1417 2656 1490 2714 et
1509 2639 1965 2738 prudentiam
1996 2665 2217 2739 quam
2238 2664 2439 2713 arma
2458 2640 2680 2736 magis
2710 2663 2951 2712 neces-

833 2761 1125 2837 sariam.

931 2884 1237 2971 Interea,
1291 2879 1470 2953 dum
1524 2878 1616 2955 de
1678 2880 2123 2980 profectione
2184 2878 2569 2971 deliberat,
2622 2877 2803 2951 dum
2855 2876 2943 2949 ad

836 2996 1038 3094 pium
1073 3012 1433 3069 certamen
1457 2996 1889 3069 incessanter
1932 2994 2246 3085 anhelat,
2274 2994 2591 3069 decrevit
2618 2993 2943 3067 cordium

839 3112 1200 3210 inspector
1235 3110 1661 3203 Altissimus,
1706 3112 1901 3210 apud
1936 3135 2154 3209 quem
2198 3110 2527 3185 voluntas
2574 3132 2711 3208 pro
2764 3106 2943 3179 facto

837 3242 1233 3325 reputatur,
1313 3225 1624 3299 decrevit
1643 3282 1663 3319 ‚
1742 3229 2065 3326 inquam,
2135 3244 2302 3303 ante
2376 3226 2943 3322 congressionem

839 3342 1182 3416 athletam
1215 3348 1424 3415 stium
1458 3364 1833 3435 coronare,
1868 3358 1941 3416 et
1970 3344 2121 3417 seni
2146 3368 2441 3443 parcere
2456 3342 2795 3439 glorioso,
2820 3340 2943 3437 qui

840 3458 1080 3558 plures
1102 3458 1254 3555 jam
1290 3473 1363 3529 et
1389 3458 1622 3530 varios
1674 3482 1810 3557 pro
1852 3459 1975 3532 illo
2026 3482 2287 3555 agones
2318 3460 2749 3533 dimicasset.
2806 3458 2947 3527 Do·

839 3575 1040 3647 mino
1069 3574 1283 3669 igitur
1314 3572 1517 3647 illum
1573 3573 1662 3645 ad
1714 3600 1787 3645 se
1836 3554 2211 3667 evocante,
2252 3575 2391 3647 levi
2434 3588 2805 3672 correptus
2842 3584 2945 3642 est

841 3688 1211 3762 febricula.
1239 3690 1593 3779 Vidimus,
1625 3690 1729 3761 mi
1766 3690 2137 3782 Gaufride,
2172 3690 2484 3764 vidimus
2516 3712 2785 3781 senem,
2822 3684 2943 3761 sed

841 3806 1084 3877 animo
1117 3806 1474 3901 vigentem
1502 3820 1577 3877 et
1613 3806 1942 3898 viridem,
1979 3832 2145 3880 cum
2176 3806 2585 3879 valetudine
2616 3820 2689 3877 et
2718 3802 2942 3876 imbe-

839 3917 986 3991 cilli
1071 3918 1498 4017 corpusculo
1553 3920 1975 4017 aliquandiu
2032 3920 2558 3994 colluctantem.
2630 3918 2945 3993 Vidimus

842 4034 1148 4107 aliorum
1177 4033 1510 4107 manibus
1557 4051 2035 4109 sustentatum
2062 4038 2473 4137 frequenter
2520 4058 2754 4111 sacras
2778 4034 2945 4106 hos·

846 4149 974 4224 tias
1005 4151 1528 4249 immolantem,
1567 4152 1825 4241 donec,
1868 4154 2394 4250 ingravescente
2423 4152 2690 4227 morbo
2732 4167 2803 4224 et
2844 4150 2945 4223 vi·-

844 4264 1043 4339 ribus
1065 4265 1461 4359 minoratis,
1495 4266 1677 4339 lecto
1708 4267 2085 4367 applicitus
2116 4283 2261 4343 est:
2294 4267 2497 4367 quod
2517 4269 2672 4341 sine
2703 4264 2949 4339 dolore
