3275 5317
946 574 1073 630 vll-2
1106 576 1207 630 DE
1246 570 1469 633 LOUIS
1508 576 1601 631 LE
1645 574 1860 631 GROS.
2343 580 2450 637 141

347 706 544 778 enim
574 704 877 777 scientia:
910 719 984 775 et
1030 703 1395 776 industriae
1437 705 1956 799 sexagenarius¹
1999 720 2180 797 erat,
2227 721 2331 799 ut,
2397 710 2458 781 si

346 820 772 919 impinguati
804 819 1127 917 corporis
1153 818 1476 893 molestia
1498 818 1688 916 jugis
1707 844 1854 891 non
1881 820 2262 915 resisteret,
2301 848 2455 895 om·

345 961 517 1008 nem
549 934 1038 1007 universaliter
1061 933 1345 1006 hostem
1370 933 1772 1033 superando
1794 949 2214 1007 contereret.
2245 936 2454 1012 Unde

347 1076 531 1151 saepe
586 1051 851 1122 intimis
900 1048 1433 1145 ingemiscendo
1480 1048 1961 1147 querebatur:
2003 1080 2040 1119 α
2091 1055 2278 1143 Heu,
2340 1053 2452 1126 in-

351 1198 387 1233 «
436 1168 616 1265 quit,
651 1168 923 1238 miserae
951 1164 1383 1258 conditioni,
1420 1189 1578 1262 quae
1607 1166 1786 1237 scire
1818 1179 1889 1238 et
1919 1189 2127 1264 posse
2165 1166 2454 1241 insimul

351 1312 389 1351 α
430 1296 555 1354 aut
581 1283 695 1353 vix
724 1297 850 1354 aut
866 1305 1241 1378 nunquam
1272 1280 1619 1352 admittit!
1663 1282 1737 1352 si
1762 1281 1956 1353 enim
1974 1282 2258 1379 juvenis
2283 1285 2454 1356 scis·

352 1430 387 1467 α
426 1423 603 1491 sem,
636 1413 759 1470 aut
806 1396 1033 1469 modo
1048 1420 1265 1468 senex
1309 1398 1658 1493 possem⁸,
1694 1395 2179 1470 efficacissime
2242 1424 2456 1495 regna

348 1544 385 1581 α
430 1513 655 1586 multa
701 1512 1267 1612 perdomassem.
1306 1540 1343 1579 n
1402 1516 1503 1584 Ea
1538 1526 1776 1585 tamen
1829 1514 2152 1611 corporis
2201 1513 2456 1587 debili·

343 1628 561 1703 tatus⁸
602 1629 967 1725 gravitate,
1009 1628 1224 1700 etiam
1256 1626 1441 1699 lecto
1482 1627 1973 1723 rigidissimuS,
2007 1654 2232 1726 usque
2270 1630 2452 1703 adeo

344 1760 418 1816 et
452 1746 602 1841 regi
646 1743 907 1841 Angliae
952 1743 1340 1840 comitique
1383 1742 1796 1815 Theobaldo
1841 1756 1913 1815 et
1957 1743 2294 1817 omnibus
2336 1770 2450 1818 re-

339 1858 659 1953 sistebat,
690 1874 771 1932 ut
796 1860 1231 1956 quicumque
1247 1882 1415 1930 eum
1442 1857 1768 1930 viderent
1786 1872 1856 1930 et
1874 1859 2212 1958 praeclara
2226 1884 2444 1958 opera

341 1976 703 2066 audirent,
769 1976 986 2047 animi
1056 1972 1508 2047 nobilitatem
1568 1974 2065 2073 praedicarent,
2132 1976 2452 2075 eorporis

342 2088 779 2162 debilitatem
827 2090 1353 2188 deplangerent.
1394 2094 1494 2159 Ea
1526 2091 1740 2162 etiam
1779 2090 2198 2164 molestatus
2232 2116 2448 2187 anga-

342 2206 475 2297 ria,
513 2230 675 2279 cum
708 2222 958 2279 contra
990 2203 1484 2277 Theobaldum
1519 2206 1891 2296 comitem,
1919 2204 2086 2277 laeso
2123 2230 2336 2278 crure
2380 2222 2453 2281 et

342 2319 459 2393 vix
490 2321 893 2419 deportato,
938 2325 1209 2391 Bonam
1253 2318 1585 2409 Vallem·,
1625 2334 1881 2418 praeter
1934 2320 2240 2393 claustra
2271 2346 2440 2395 mo-

336 2436 727 2509 nachorum
762 2461 921 2534 quae
948 2433 1404 2521 defendebat,
1443 2434 1602 2529 igne
1634 2459 2096 2507 concremare
2139 2436 2443 2531 fecisset,

339 2550 467 2624 sed
495 2568 567 2625 et
596 2552 732 2623 alia
762 2552 915 2621 vice
946 2576 1113 2623 cum
1145 2548 1530 2622 Castellum
1562 2550 1904 2638 Renardi,
1959 2550 2050 2623 de
2085 2552 2300 2625 feodo
2334 2578 2452 2627 co-

338 2667 533 2738 mitis
560 2664 975 2754 Theobaldi,
1016 2689 1139 2763 per
1172 2663 1503 2736 homines
1545 2664 1762 2736 etiam
1791 2664 2046 2739 absens
2072 2665 2451 2741 destruxis-

341 2795 476 2871 set,
530 2806 611 2853 ea
675 2805 892 2878 quam
931 2794 1319 2852 extremam
1342 2779 1509 2851 fecit
1558 2779 2109 2877 expeditionem,
2163 2783 2456 2856 nobilis·

338 2896 524 2968 simo
556 2897 862 2969 exercitu
886 2910 1202 2969 castrum
1234 2896 1470 2968 Sancti
1502 2895 1878 2968 Brictionis
1908 2922 2124 2997 super
2151 2899 2451 2973 fluvium

338 3013 669 3107 Ligerim,
707 3011 805 3084 ob
842 3016 949 3083 sul
985 3012 1441 3109 rapacitatem
1473 3026 1545 3084 et
1574 3027 2059 3086 mercatorum
2091 3014 2450 3115 depraeda-

337 3128 635 3219 tionem,
693 3140 767 3199 et
814 3126 1146 3199 incendio
1174 3125 1523 3217 dissolvit,
1575 3141 1650 3198 et
1686 3128 1938 3201 turrim
1969 3144 2041 3201 et
2071 3128 2447 3204 dominum

336 3243 430 3315 ad
499 3242 936 3316 deditionem
998 3242 1256 3339 coegit.
1329 3246 1487 3329 Qua
1544 3265 1898 3338 regressus
1965 3246 2439 3344 expeditione,

336 3358 528 3459 apud
560 3358 930 3432 castellum
960 3383 1234 3433 novum
1262 3358 1517 3430 Montis
1546 3359 1860 3432 Treherii
1900 3358 1922 3393 ⁸
1964 3362 2160 3456 gravi
2188 3360 2444 3433 diarria

418 3640 445 3696 1
462 3679 480 3697 .
512 3640 1066 3715 ρηὶηςιιαςσπανίω,
1095 3653 1295 3695 errore
1322 3635 1718 3709 amanuensis,
1749 3634 1881 3697 cod.
1910 3636 2128 3699 12710.

418 3733 479 3790 2.
524 3724 633 3789 Hic
657 3728 867 3789 veteris
890 3728 1082 3810 gallici
1110 3727 1403 3809 proverbii
1444 3726 1900 3807 antiquissimum
1933 3726 2083 3788 forte
2121 3747 2439 3808 agnoscen-

338 3822 480 3884 dum
508 3836 595 3884 est
625 3822 954 3901 vestigium.

420 3919 477 3978 3.
518 3914 820 3975 Debilitati
846 3916 1069 3975 12710.

416 4013 479 4072 4.
508 4012 974 4067 Bonam-Vallem
1016 4006 1147 4068 edd.
1194 4006 1406 4069 Chesn.
1437 4018 1495 4065 et
1532 4005 1825 4067 Benedict.
1856 4038 1938 4052 —
1962 4010 2282 4067 BenevaHIs
2303 4010 2444 4081 543,

336 4104 559 4165 ¹2710.
590 4136 667 4149 --
692 4106 1087 4162 Bam-Vanis
1114 4104 1292 4165 5925.
1324 4132 1402 4148 —
1429 4103 1826 4160 Bone-Vallis
1851 4104 2240 4161 monasterimn
2263 4102 2440 4164 6265.

334 4232 417 4245 —
446 4194 767 4257 Bonev'allis
791 4196 929 4257 edit.
954 4198 1151 4257 Germ.
1186 4198 1351 4257 Nunc
1372 4194 1547 4275 vulgo
1572 4198 1882 4257 Bmmeval.

418 4294 479 4351 5.
506 4363 513 4373 ι
536 4293 622 4350 lta
654 4288 881 4349 codices
922 4308 1121 4350 omnes
1143 4301 1203 4348 et
1238 4287 1523 4349 editiones
1578 4320 1660 4335 --
1695 4288 2206 4363 Montis-Heherie‘,
2243 4284 2446 4369 gallice
