3275 5317
1278 578 1635 637 CHARTES.
2389 580 2504 639 333

392 711 797 785 elemosinae
827 711 923 784 ad
970 708 1557 783 sustentationem
1604 732 2008 807 pauperum
2054 708 2338 799 Christi,
2371 734 2504 808 pro

390 828 615 900 salute
630 852 713 900 ac
734 826 1057 901 remedio
1076 825 1329 898 animae
1349 848 1551 917 meae,
1575 824 1650 896 in
1677 840 2103 923 perpetuum
2121 825 2507 898 tenendam

390 938 897 1011 concessimus,
940 942 1029 1009 Et
1070 950 1151 1008 ut
1192 936 1336 1008 hoc
1374 950 1612 1007 ratum
1662 935 1939 1025 existat,
1987 934 2257 1033 scripto
2301 959 2505 1008 man-

388 1052 549 1126 dari
584 1069 655 1126 et
685 1053 913 1151 sigillo
940 1066 1192 1127 nostro
1223 1050 1635 1125 confirmari
1671 1051 2035 1123 fecimus¹.

764 1442 898 1489 vn.
953 1438 1473 1489 TESTAHEMUM
1504 1438 1778 1487 suetan
1807 1439 2114 1488 ABBA'ns.

394 1710 574 1783 Suger
604 1703 833 1761 institue
883 1720 992 1760 une
1022 1720 1201 1759 messe
1231 1702 1592 1777 quotidietme
1628 1700 1706 1757 du
1741 1698 2168 1777 saint-Esprit,
2200 1700 2240 1759 ὰ
2264 1700 2513 1759 ce'le‘brer

466 1818 621 1875 pour
640 1802 698 1855 le
718 1800 871 1854 salut
896 1798 973 1853 a’e
996 1814 1095 1853 son
1120 1798 1272 1866 dme,
1310 1806 1436 1852 tant
1474 1807 1644 1852 avant
1677 1791 1944 1871 qu'aprds
1971 1813 2040 1851 sa
2074 1806 2239 1866 mort,
2263 1798 2398 1870 plus
2435 1814 2512 1853 un

478 1896 863 1949 anniversat're
888 1891 1137 1947 solennel
1157 1890 1330 1946 deses
1349 1888 1709 1963 funerailles,
1726 1893 2106 1966 accompagn&
2127 1890 2201 1946 dc
2225 1892 2286 1947 la
2310 1890 2512 1947 distri·

478 1980 667 2039 bution
710 1984 785 2040 de
827 1986 1103 2047 cer-taines
1155 1982 1421 2039 aumdnes
1437 2023 1455 2052 ,
1516 1995 1573 2040 et
1622 1986 1890 2059 quelques
1937 1996 2131 2041 autres
2189 1984 2514 2059 fondatiom

472 2081 717 2151 pz‘euses.

1187 2231 1393 2313 (¹137,
1436 2236 1511 2295 17
1548 2231 1702 2315 juin)

494 2454 577 2523 ln
618 2450 913 2522 nomine
956 2459 1211 2521 sanctae
1249 2461 1320 2519 et
1347 2444 1736 2519 individuae
1755 2446 2140 2538 Trinitatis,
2187 2446 2412 2519 Patris
2442 2462 2516 2521 et

395 2566 558 2640 Filii
602 2580 685 2638 et'
703 2564 1009 2664 Spiritus
1038 2562 1289 2635 sancti.
1323 2565 1575 2634 Amen.
1614 2562 1974 2657 Sugerius,
2011 2562 2145 2633 Dei
2177 2562 2514 2661 patientia

398 2683 710 2758 ecclesiae
736 2680 931 2754 beati
961 2678 1286 2776 Dionysii
1316 2676 1607 2749 humilis
1645 2677 1996 2749 minister.

496 2802 679 2872 Cum
721 2820 977 2895 magna
1014 2792 1406 2867 multitudo
1438 2792 1836 2866 dulcedinis
1867 2794 1999 2865 Dei
2016 2796 2062 2886 ⁸,
2101 2818 2320 2893 quam
2351 2794 2514 2867 abs-

396 2913 719 2989 condens
751 2910 1167 2986 timentibus
1210 2934 1285 2981 se
1322 2908 1604 3009 perficit
1657 2908 1760 2980 eis
1794 2908 1920 3006 qui
1953 2922 2242 3007 sperant
2275 2909 2350 2982 in
2395 2934 2511 3002 eo,

396 3030 754 3128 meipsum
774 3026 953 3098 mihi
972 3024 1164 3122 larga
1194 3024 1722 3124 propitiationis
1747 3048 1888 3096 suae
1921 3024 2284 3098 affluentia
2313 3026 2514 3099 resti-

400 3160 603 3219 tuere
650 3142 891 3233 vellet,
934 3165 1339 3227 memorem
1368 3164 1487 3211 me
1534 3138 1802 3212 faciens
1832 3140 2290 3239 iniquitatum
2323 3166 2514 3215 mea·

393 3286 562 3334 rum
597 3260 1087 3357 antiquarum,
1128 3270 1213 3329 ut
1260 3256 1407 3327 cito
1460 3255 1801 3353 anticipet
1862 3280 1982 3329 me
2027 3256 2516 3330 miserIcordia

396 3378 458 3476 ej
466 3402 577 3469 υς,
598 3390 765 3471 post
778 3370 1034 3445 mundi
1051 3370 1265 3468 hujus
1282 3368 1636 3443 inmundi⁸
1657 3370 1998 3443 rotabiles
2013 3386 2082 3443 et
2101 3371 2516 3470 impulsivos

398 3491 777 3590 scopulos,
813 3502 978 3589 post
1027 3486 1315 3581 longam
1346 3500 1421 3557 et
1459 3510 1646 3584 pene
1677 3486 1868 3558 curis
1899 3484 2208 3557 ecclesiae
2247 3500 2320 3558 et
2357 3484 2516 3558 aliis

391 3606 969 3705 consumptivam
998 3602 1318 3700 corporis
1360 3614 1434 3673 et
1474 3600 1729 3673 animae
1758 3598 2380 3697 dilapidationem,
2419 3598 2513 3673 ad

395 3722 731 3818 suffragia
766 3722 1189 3793 Sanctorum
1206 3770 1227 3811 ,
1276 3740 1589 3813 quorum
1630 3714 1928 3786 servicio
1966 3711 2508 3804 desudaveram,

480 3936 540 3990 1.
578 3932 669 3989 Ex
701 3924 971 4004 originali
1001 3922 1203 3984 charta
1222 3920 1423 4003 (Arch.
1454 3924 1633 4000 Imp.,
1662 3922 1721 3978 K
1755 3921 1858 3989 22,
1895 3928 1959 3979 n⁰
1992 3918 2108 4001 δ’).
2137 3954 2203 3966 -
2248 3920 2507 3984 Chai-tul.

396 4022 617 4095 album,
657 4033 702 4084 t.
730 4022 813 4091 11,
844 4038 910 4099 p.
942 4020 1055 4078 559
1083 4014 1291 4096 (Ibid.,
1324 4014 1421 4073 LL
1449 4014 1652 4087 1¹58).
1680 4042 1762 4060 --
1787 4012 2049 4078 Chartul.
2075 4012 2512 4095 eleemosynarii

394 4115 591 4177 Sancti
616 4110 904 4190 Dionysii,
933 4108 981 4167 5⁰
1008 4104 1319 4188 23(1bid.,
1342 4107 1439 4165 LL
1464 4103 1674 4186 1176).
1702 4136 1784 4152 -
1813 4105 2052 4189 Chesn.,
2078 4110 2177 4180 lv,
2209 4110 2348 4170 553.

477 4215 541 4271 Ξ.
574 4212 815 4271 Domine·
837 4201 972 4266 edd.
1000 4201 1212 4264 chan.
1241 4212 1302 4259 et
1323 4196 1536 4272 Pelib„
1564 4198 1715 4259 sicut
1733 4212 1794 4259 et
1815 4198 1990 4261 infra.

478 4304 540 4363 3.
567 4301 863 4373 Immundi,
889 4315 1000 4378 pro
1017 4294 1313 4364 immundi,
1340 4292 1503 4351 deest
1520 4290 1583 4351 in
1604 4292 1750 4355 edit.
1773 4292 1982 4357 Chesu.
