3275 5317
862 606 977 664 134
1294 602 1621 661 OEums
1661 586 2090 661 commus
2129 602 2233 661 DE
2273 602 2542 663 suem.

858 739 1093 833 valde,
1127 736 1353 811 multa
1395 738 1844 809 animositate
1878 735 2389 835 vilipendebat,
2426 751 2500 808 et
2529 752 2872 836 tanquam
2903 740 2964 812 si

856 855 1063 951 regiae
1114 854 1495 951 majestatis
1537 854 1845 926 thronus
1891 852 2208 927 vulneris
2255 851 2582 925 dolorem
2635 853 2966 951 dedigna-

858 974 1117 1062 retur¹,
1178 968 1403 1066 rigide
1460 970 1859 1066 angustiam
1899 970 2105 1067 quasi
2151 993 2304 1041 non
2346 969 2710 1044 sustinens
2757 972 2962 1045 susti-

855 1084 1099 1160 nebat.

952 1203 1201 1273 XXXI.
1273 1204 1379 1272 Eo
1429 1215 1672 1273 autem
1733 1216 2056 1299 tempore
2077 1254 2098 1292 ,
2151 1201 2524 1274 ecclesiam
2591 1226 2962 1276 romanam

858 1316 1235 1390 schismate
1282 1315 1683 1415 periculoso
1730 1316 2135 1411 gravissime
2174 1332 2245 1389 et
2296 1341 2482 1416 pene
2534 1318 2961 1416 praecordia-

855 1433 1018 1505 liter
1062 1432 1356 1527 contigit
1397 1432 1718 1503 sauciari.
1782 1432 2219 1505 Venerandae
2261 1434 2636 1505 memoriae
2683 1458 2962 1507 summo

856 1546 1193 1647 pontifice
1242 1563 1314 1620 et
1361 1546 1742 1620 universali
1791 1572 1977 1647 papa
2015 1548 2339 1621 Honorio
2379 1548 2572 1621 viam
2619 1551 2962 1624 universae

861 1664 1091 1735 carnis
1123 1665 1461 1758 ingresso,
1503 1688 1672 1735 cum
1708 1663 2019 1736 ecclesiae
2050 1685 2364 1737 romanae
2393 1668 2698 1761 majores
2733 1680 2807 1738 et
2843 1690 2962 1738 sa-

856 1779 1271 1878 pientiores,
1316 1778 1406 1851 ad
1446 1778 1971 1852 removendum
2003 1779 2313 1853 ecclesiae
2343 1780 2762 1875 tumultum,
2795 1806 2962 1857 con-

862 1896 1240 1967 sensissent
1268 1893 1461 1994 apud
1492 1899 1833 1968 Sanctum
1863 1899 2181 1967 Marcum
2215 1912 2288 1969 et
2315 1921 2461 1969 non
2493 1894 2693 1988 alibi,
2719 1913 2796 1971 et
2821 1922 2962 1970 non

857 2009 995 2081 nisi
1032 2010 1532 2100 communiter,
1588 2036 1888 2084 romano
1937 2035 2140 2083 more
2188 2010 2546 2085 celebrem
2588 2012 2750 2085 fleri
2793 2013 2964 2087 elec·

857 2124 1155 2217 tionem,
1198 2127 1325 2222 qui
1359 2124 1767 2198 assiduitate
1809 2141 1880 2197 et
1915 2126 2386 2201 familiaritate
2416 2129 2961 2228 propinquiores

856 2240 1227 2339 apostolici
1261 2240 1564 2328 fuerant,
1584 2242 1846 2315 timore
1874 2241 2461 2316 tumultuantium
2483 2248 2960 2317 Romanorum

856 2355 1026 2428 illuc
1056 2359 1442 2430 convenire
1469 2382 1617 2430 non
1638 2358 2010 2451 audenteS,
2031 2376 2412 2458 antequam
2441 2360 2964 2459 publicaretur⁸

857 2472 1135 2544 domini
1180 2498 1379 2572 papae
1406 2472 1759 2565 decessuS,
1799 2500 2182 2573 personam
2216 2475 2702 2548 venerabilem
2734 2476 2960 2549 cardi-

855 2585 1091 2658 nalem
1134 2586 1226 2659 de
1279 2592 1535 2661 Sancto
1567 2589 1834 2685 Angelo
1885 2590 2272 2663 diaconum
2327 2591 2756 2689 Gregorium
2783 2616 2964 2663 sum-

856 2726 1061 2773 mum
1088 2701 1355 2799 eligunt
1372 2703 1818 2802 pontificem.
1843 2707 1986 2794 Qui
2012 2720 2248 2777 autem
2283 2706 2476 2778 Petri
2499 2708 2757 2779 Leonis
2785 2707 2963 2805 parti

857 2817 1215 2908 favebant,
1266 2817 1461 2918 apud
1504 2821 1846 2891 Sanctum
1887 2822 2200 2893 Marcum
2233 2844 2367 2918 pro
2397 2836 2609 2919 pacto
2642 2822 2822 2895 alios
2852 2823 2960 2894 in-

856 2932 1156 3005 vitantes
1204 2950 1715 3026 convenerunt‚
1769 2935 2186 3033 dominique
2217 2962 2415 3036 papae
2459 2953 2699 3011 morte
2755 2964 2959 3011 com-

855 3061 1083 3143 perta,
1106 3048 1342 3145 ipsum
1373 3049 1711 3122 eumdem
1733 3056 2023 3123 Petrum
2037 3055 2290 3125 Leonis
2317 3052 2757 3127 cardinalem
2775 3078 2962 3154 pres-

854 3157 1213 3256 byterum,
1261 3164 1660 3238 multorum
1709 3181 1784 3238 et
1833 3167 2331 3265 episcoporum
2379 3184 2454 3241 et
2488 3169 2960 3242 cardinalium

855 3289 927 3346 et
952 3277 1381 3351 clericorum
1414 3296 1483 3352 et
1520 3284 2006 3353 Romanorum
2023 3282 2376 3355 nobilium
2403 3309 2792 3376 consensu,
2834 3309 2958 3356 vo-

854 3394 997 3463 tive
1024 3393 1410 3491 elegerunt,
1442 3398 1687 3494 sicque
1720 3397 2027 3470 schisma
2053 3401 2528 3497 perniciosum
2551 3399 2954 3491 statuend0,

852 3506 1113 3582 Christi
1179 3514 1476 3584 Domini
1537 3513 1851 3585 tunicam
1907 3514 2408 3588 inconsutilem
2461 3515 2957 3607 discindendO,

852 3625 1089 3719 partiti
1137 3642 1303 3698 sunt
1355 3626 1725 3700 ecclesiam
1767 3630 1925 3722 Dei,
1962 3644 2035 3701 et
2068 3628 2244 3702 dum

1171 3828 1383 3907 Magno
1410 3845 1473 3887 se
1502 3827 1696 3903 judice
1722 3829 1964 3908 quisque
1995 3842 2188 3890 tuetur
2197 3831 2244 3909 ⁸,

857 4008 974 4081 alii
1024 4010 1199 4083 alios
1250 4013 1573 4087 alliciunt
1588 4068 1609 4107 ,
1662 4016 1786 4090 alii
1838 4018 2016 4091 alios
2067 4016 2517 4092 anathemate
2567 4014 2949 4110 innodant,

926 4236 986 4295 l·
1011 4236 1369 4315 Dedignatur
1396 4240 1617 4305 ¹2710.
1650 4270 1726 4284 —
1771 4244 1831 4301 2.
1858 4240 2252 4301 Publicaretur
2275 4240 2511 4302 deestin
2537 4244 2671 4307 eod.
2699 4242 2835 4303 cod.

926 4330 986 4389 3.
1029 4329 1241 4389 Lucani
1265 4331 1495 4409 Phara,
1526 4335 1575 4405 Ι,
1610 4336 1747 4391 127.
