3275 5317
848 605 975 661 VIE
1011 604 1115 660 DE
1154 600 1377 660 LOUIS
1414 604 1509 659 LE
1549 602 1768 661 GROS.
2331 605 2406 661 99

294 750 379 808 ut
410 735 740 807 secretius
760 732 1050 830 agendis
1098 733 1496 833 provideat,
1534 733 1627 807 ad
1676 733 1979 806 eandem
2013 736 2405 807 marchiam

298 853 765 942 contendenS,
805 851 999 922 viros
1036 865 1241 921 caute
1266 851 1681 949 praemittit:
1719 851 1843 946 qui
1883 864 2226 948 tanquam
2262 852 2410 923 via-

298 982 520 1058 tores,
555 966 827 1038 loricati
864 965 997 1037 sub
1037 966 1283 1063 cappis
1309 981 1382 1038 et
1412 964 1663 1062 gladiis
1701 966 1942 1055 cincti,
1977 965 2266 1065 publica
2300 967 2416 1038 via

302 1080 837 1173 descendentes„
878 1079 973 1151 ad
1004 1079 1250 1151 villam
1275 1106 1433 1178 quae
1472 1080 1731 1153 dicitur
1776 1079 2054 1152 Vadum
2089 1068 2408 1174 Nigasii¹‚

302 1196 547 1268 villam
578 1197 975 1293 antiquam,
1009 1196 1335 1294 patulum
1367 1211 1437 1267 et
1474 1210 1756 1291 gratum
1787 1197 2070 1267 Francis
2099 1195 2418 1295 praebere

302 1326 620 1411 paratam
656 1309 753 1382 ad
800 1316 1251 1383 Nol-mannos
1288 1335 1652 1383 accessum
1711 1312 1926 1409 (quae,
1973 1316 2146 1384 Ettae
2199 1312 2419 1385 fluvio

306 1427 878 1518 circumfluente,
914 1452 1079 1499 cum
1113 1428 1186 1497 in
1234 1427 1475 1499 medio
1506 1432 1612 1499 sui
1647 1442 1884 1500 tutum
1919 1427 2253 1526 praebeat,
2304 1454 2422 1503 ex-

306 1558 420 1615 tra
444 1543 743 1615 inferius
772 1558 844 1615 et
877 1542 1203 1640 superius
1228 1542 1436 1638 longe
1463 1542 1796 1641 prohihet
1833 1543 2267 1643 transitum),
2307 1571 2424 1617 su-

308 1658 467 1731 bito
531 1682 790 1757 cappas
863 1656 1260 1757 deponunt,
1341 1659 1615 1754 gladios
1681 1676 2072 1758 exponunt,
2153 1661 2428 1733 accolas

310 1775 961 1847 animadvertentes
1012 1789 1084 1847 et
1129 1775 1349 1845 armis
1398 1775 1806 1870 gravissime
1849 1776 2247 1848 insistentes
2293 1776 2432 1848 fot·-

312 1890 584 1962 tissime
614 1889 1006 1963 resistendo
1036 1887 1391 1988 repellunt
1406 1917 1428 1978 3
1465 1915 1633 1962 cum
1653 1890 1893 1963 subito
1919 1915 2040 1962 rex
2068 1892 2221 1988 jam
2247 1917 2424 1990 pene

312 2005 614 2096 lassatis,
648 2030 779 2103 per
815 2003 1179 2076 declivum
1226 2006 1495 2078 montis
1545 2005 1942 2104 periculose
2003 2007 2434 2101 acceleranS,

316 2145 534 2218 opem
568 2136 1044 2219 opportunam
1066 2122 1273 2194 ,ferre
1301 2123 1722 2222 praecipitat,
1762 2136 1908 2192 tam
1947 2122 2130 2193 villae
2176 2123 2437 2193 atrium

316 2260 545 2332 quam
592 2236 944 2308 munitam
1000 2252 1193 2308 turre
1260 2237 1657 2327 ecclesiam,
1720 2262 1869 2307 non
1932 2236 2082 2309 sine
2146 2259 2440 2308 suorum

319 2349 619 2444 damn0‚
654 2355 1016 2450 occupat'.
1068 2354 1393 2449 Cumque
1434 2376 1675 2446 regem
1713 2352 1969 2445 Angliae
2007 2375 2236 2449 prope
2271 2376 2440 2423 cum

321 2468 637 2539 exercitu
696 2466 956 2557 multo,
1008 2481 1092 2537 ut
1146 2491 1427 2563 semper
1486 2466 1886 2555 consuevit,
1935 2465 2440 2565 comperisset,

320 2582 635 2654 barones
681 2606 847 2653 suos
895 2580 1198 2669 asciscit,
1250 2579 1650 2677 adjurando
1690 2594 1773 2651 ut
1809 2604 1882 2651 se
1914 2596 2300 2679 sequantur
2336 2583 2444 2653 in-

322 2698 528 2768 vitat.
572 2695 965 2767 Adventare
996 2696 1330 2767 festinant
1356 2720 1600 2767 comes
1624 2694 1968 2769 Flandriae
1999 2698 2438 2792 Balduinus',

325 2810 659 2909 apprime
705 2808 1055 2902 militariS,
1116 2809 1392 2906 elegans
1428 2810 1712 2905 juvenis
1747 2826 1818 2882 et
1865 2811 2160 2899 facetus,
2207 2838 2448 2886 comes

330 2924 858 3019 Andegavensis
902 2925 1173 3014 Fulco⁴,
1209 2924 1562 3023 multique
1596 2926 1797 3020 regni
1838 2928 2242 3025 optimateS,
2293 2932 2442 3027 qui,

324 3056 544 3138 rupta
570 3040 1024 3111 Normanniae
1056 3039 1412 3132 clausura,
1450 3040 1626 3111 dum
1656 3041 1776 3112 alii
1811 3041 2050 3114 villam
2081 3046 2444 3138 muniunt,

328 3156 454 3227 alii
476 3171 770 3246 terram,
808 3156 1016 3251 longa
1048 3143 1225 3253 pace
1248 3157 1595 3253 opimam,
1627 3170 1776 3227 tam
1797 3159 2059 3255 rapinis
2090 3184 2306 3256 quam
2341 3162 2450 3232 in-

332 3270 607 3343 cendiis
633 3284 1026 3369 exponunt,
1052 3284 1145 3362 et,
1187 3270 1385 3369 quod
1418 3270 1788 3343 insolitum
1820 3272 2074 3367 fuerat,
2112 3292 2455 3374 praesente

336 3408 506 3480 rege
546 3387 968 3481 Anglorum,
1021 3386 1579 3484 circumquaque
1619 3386 2066 3461 devastantes
2115 3390 2453 3461 intolera-

336 3498 583 3572 biliter
606 3501 1085 3573 confundunt.

446 3618 717 3687 Interea
747 3616 945 3687 idem
986 3641 1109 3688 rex
1150 3616 1411 3712 Angliae
1452 3617 1718 3690 castelli
1763 3630 2184 3717 apparatum
2237 3619 2456 3691 multa

344 3732 682 3803 instantia
735 3746 1101 3829 praeparat,
1155 3757 1492 3831 operosos
1542 3733 1906 3825 sollicitat,
1965 3748 2039 3805 et
2098 3731 2272 3806 dum
2338 3760 2462 3807 rex

434 3939 556 4086 31:11
538 3934 725 4013 Vulgo
767 3940 1049 4010 Ganjseu
1095 3941 1293 4012 Gasnr
1330 3938 1557 4017 (Eure).
1610 3938 1702 3998 Cf.
1743 3939 1952 4003 Order.
2004 3938 2213 4029 yital„
2257 3939 2358 4005 lib.
2413 3946 2464 4001 V

351 4038 417 4085 et

440 4124 502 4183 2.
532 4124 857 4202 occupabat
880 4128 1103 4186 12710.

443 4219 505 4278 3.
542 4218 850 4277 Balduinus
869 4222 1000 4293 vn,
1024 4218 1367 4297 cognomine
1399 4222 1455 4276 A
1474 4224 1535 4276 la
1552 4220 1726 4277 hacke
1753 4240 1854 4279 seu
1881 4220 2134 4295 Hapke'n.

442 4314 503 4373 4.
534 4312 709 4372 Fulco
734 4315 807 4392 V,
835 4314 1031 4393 postea
1056 4332 1157 4373 mx
1182 4310 1758 4388 Hierosolymittnus.
