3275 5317
575 557 674 614 nn
710 556 811 613 LA
853 538 1409 613 CONSFECRATION
1449 556 1549 613 m:
1586 554 2085 615 SAlN'r-DENIS.
2291 562 2404 619 219

284 710 533 759 remus
550 686 946 774 columnas,
976 685 1385 780 cogitando,
1410 685 1876 783 speculando,
1909 688 2406 787 investigando

282 828 420 902 per
435 804 745 876 diversas
760 803 1077 901 partium
1096 817 1539 875 remotarum
1560 802 1912 897 regioneS,
1937 828 2108 876 cum
2131 807 2408 881 nullam

282 920 844 1010 offenderemuS,
863 919 1009 991 hoc
1034 919 1273 991 solum
1293 933 1534 990 mente
1559 917 2053 991 laborantibus
2075 936 2149 991 et
2165 925 2408 996 animo

283 1051 681 1134 supererat,
720 1050 800 1107 ut
830 1033 923 1106 ab
965 1033 1145 1107 urbe
1183 1037 1447 1126 (Romae
1482 1034 1679 1106 enim
1715 1034 1794 1104 in
1823 1032 2088 1131 palatio
2128 1035 2406 1109 Diocle-

284 1152 461 1224 tiani
477 1165 551 1223 et
578 1150 731 1223 aliis
757 1150 1001 1222 termis
1019 1153 1038 1189 ¹
1070 1174 1250 1247 saepe
1279 1148 1641 1223 mirabiles
1674 1152 2294 1250 conspexeramus)
2326 1169 2410 1226 ut

282 1292 415 1366 per
445 1290 643 1341 mare
678 1265 1274 1339 Mediterraneum
1304 1281 1459 1339 tuta
1504 1266 1726 1339 classe
1744 1319 1764 1355 ,
1798 1263 2054 1337 exinde
2087 1291 2220 1365 per
2267 1271 2408 1339 An-

282 1384 577 1481 glicum,
611 1397 684 1454 et
718 1407 849 1481 per
877 1396 1273 1453 tortuosam
1308 1380 1506 1453 fluvii
1536 1385 1880 1478 Sequanae
1912 1381 2401 1473 reflexionem,

284 1526 403 1573 eas
459 1523 721 1595 magno
790 1513 1083 1597 sumptu
1146 1498 1547 1571 amicorum
1566 1550 1588 1590 ,
1660 1498 2126 1571 inimicorum
2191 1500 2406 1572 etiam

282 1621 844 1689 Sarracenorum
922 1614 1416 1709 proximorum
1496 1612 1862 1685 conductu
1941 1612 2394 1687 haberemus.

284 1733 523 1804 Multis
576 1731 777 1803 annis
800 1786 819 1821 ,
886 1728 1131 1801 multis
1175 1728 1625 1827 temporibus
1673 1727 2089 1825 cogitando,
2148 1732 2406 1827 quaeri-

282 1848 507 1922 tando
564 1846 1046 1943 angebamur:
1084 1870 1249 1917 cum
1317 1844 1553 1918 subito
1618 1845 1814 1941 larga
1878 1847 2408 1945 omnipotentis

284 1962 801 2053 munificentia,
842 1960 1207 2035 laboribus
1251 1963 1513 2033 nostris
1563 1962 2176 2055 condescendens,
2209 1964 2406 2061 quod

284 2104 421 2151 nec
463 2078 771 2175 cogitare
826 2102 959 2150 nec
1002 2078 1280 2175 opinari
1312 2077 1581 2165 liceret,
1626 2077 1958 2151 decentes
1992 2094 2066 2151 et
2098 2081 2410 2177 peropti-

284 2220 441 2267 mas
472 2194 547 2267 in
588 2193 1141 2267 admirationem
1180 2194 1509 2265 omnium
1550 2208 1967 2266 sanctorum
2015 2198 2408 2289 Martyrum

283 2310 542 2383 merito
571 2309 937 2383 revelavit.
974 2306 1175 2380 Unde
1206 2324 1481 2405 quanto
1520 2323 1772 2381 contra
1813 2332 2014 2407 spem
2048 2323 2119 2380 et
2150 2308 2406 2379 huma-

282 2452 452 2499 nam
512 2426 928 2526 opinionem
978 2438 1175 2521 apto,
1228 2438 1301 2493 et
1350 2422 1607 2494 nullibi
1664 2422 1870 2495 nobis
1913 2424 2200 2519 gratiori
2246 2423 2408 2496 loco

281 2542 647 2614 miseratio
686 2540 931 2612 divina
968 2539 1255 2633 dignata
1300 2552 1407 2609 est
1450 2538 1811 2629 conferre,
1853 2554 2054 2611 tanto
2101 2540 2408 2636 majores

282 2658 677 2753 gratiarum
726 2656 1039 2726 actiones
1086 2678 1223 2753 pro
1270 2654 1449 2727 tanti
1488 2654 1809 2726 remedio
1861 2654 2130 2726 laboris
2173 2678 2408 2752 operae

279 2773 603 2871 pretium
636 2770 974 2842 duximus
1010 2769 1474 2868 rependendo
1519 2770 1808 2842 referre.
1867 2775 2097 2843 Locus
2141 2771 2408 2868 quippe

278 2885 681 2985 quadrariae
706 2884 1147 2957 admirabilis
1167 2909 1394 2983 prope
1425 2886 1896 2977 pontisaram,
1926 2902 2240 2958 castrum
2271 2901 2410 2957 ter-

278 3024 529 3073 rarum
556 3014 964 3071 nostrarum
996 2998 1315 3070 confinio
1341 2997 1800 3090 commitam,
1822 3000 2079 3072 vallem
2109 3000 2406 3098 profun-

284 3116 451 3189 dam
502 3140 653 3185 non
702 3127 983 3204 natura,
1020 3112 1147 3185 sed
1188 3111 1537 3186 industria
1572 3138 1999 3207 concavam,
2044 3116 2404 3189 molarum

283 3228 662 3302 caesoribus
718 3232 827 3298 sui
885 3241 1235 3325 quaestum
1297 3228 1391 3301 ab
1445 3230 1742 3328 antiquo
1802 3230 2186 3323 offerebat3
2223 3231 2404 3302 nihil

284 3346 643 3441 egregium
676 3344 1017 3415 hactenus
1054 3343 1449 3441 proferenS,
1486 3346 1862 3419 exordium
1897 3362 2108 3420 tantae
2137 3347 2402 3419 utilita-

284 3462 375 3531 tis
408 3474 609 3531 tanto
637 3474 711 3530 et
741 3475 888 3530 tam
933 3459 1180 3531 divino
1228 3459 1553 3547 aedificio,
1592 3464 1791 3559 quasi
1853 3463 2202 3561 primitias
2249 3466 2402 3532 Deo

280 3576 683 3672 sanctisque
701 3575 1163 3671 Martyribus‚
1182 3590 1260 3647 ut
1275 3576 1734 3665 arbitramur,
1759 3575 2189 3650 reservabat.
2214 3579 2406 3661 Quo-

278 3692 465 3762 tiens
487 3706 729 3762 autem
755 3690 1109 3762 columnae
1125 3690 1219 3761 ab
1246 3692 1395 3764 imo
1422 3693 1704 3765 declivo
1730 3691 2022 3763 funibus
2044 3690 2404 3762 innodatis

278 3804 857 3902 extrahebantur,
897 3820 1045 3877 tam
1080 3821 1428 3879 nostrates
1476 3832 1694 3906 quam
1743 3806 1884 3877 loci
1923 3804 2170 3875 affines
2212 3804 2397 3878 bene

278 3921 523 3995 devoti
547 3925 595 4014 ²,
629 3921 909 3995 nobiles
935 3938 1006 3995 et
1050 3921 1438 4017 innobilem,
1488 3920 1798 3996 brachiis
1816 3974 1836 4011 ,
1882 3921 2290 4019 pectoribus
2332 3938 2402 3995 et

364 4179 425 4235 1.
456 4176 573 4231 Pro
601 4173 856 4230 thermis.
875 4200 953 4217 -
974 4172 1034 4233 2.
1067 4175 1149 4230 Ea
1184 4172 1387 4250 religio
1427 4174 1639 4251 passim
1661 4169 1892 4252 vigebat
1911 4171 1973 4229 in
2001 4174 2240 4232 Francia
2267 4186 2400 4233 tunc

282 4265 588 4346 temporiS‚
633 4276 773 4324 teste
810 4262 1067 4323 Roberto
1092 4266 1166 4323 de
1188 4266 1387 4325 Monte
1414 4277 1474 4323 et
1499 4262 1625 4324 aliis
1651 4262 2022 4344 (Benedict.).
