3275 5317
848 600 963 658 332
1280 598 1609 657 OEuvnns
1649 582 2075 656 commun-ns
2113 598 2216 655 m:
2255 596 2526 657 susan.

843 730 1039 804 tione
1075 744 1151 803 ut
1192 731 1429 803 minus
1472 728 1856 804 abalienari
1901 728 2152 828 possit,
2198 728 2400 803 dabit
2429 728 2722 828 singulis
2751 730 2926 801 annis

846 846 1029 919 infra
1066 848 1355 921 octabas
1384 848 1611 921 sancti
1635 846 1959 945 Dionysii
1975 846 2259 921 coclear
2281 872 2508 919 unum
2535 862 2924 943 argenteum

848 960 1185 1061 ponderis
1207 964 1412 1036 unius
1430 964 1680 1036 unciae.
1719 966 1810 1035 Et
1835 962 1977 1035 hoc
2003 976 2350 1037 statutum
2375 988 2467 1035 ne
2482 959 2928 1062 quisirritare¹

845 1092 1256 1176 praesumat,
1290 1078 1495 1175 sigilli
1520 1076 1752 1151 nostri
1783 1078 2192 1150 testimonio
2229 1079 2770 1151 auctorizamus.

944 1196 1031 1265 Et
1054 1217 1187 1289 ego
1216 1194 1605 1285 Mathaeus⁸,
1625 1192 1758 1265 Dei
1791 1194 2010 1287 gratia
2049 1192 2467 1266 Albanensis
2483 1194 2848 1293 episcopus
2869 1208 2930 1263 et

846 1307 1247 1407 apostolicae
1302 1309 1505 1382 Sedis
1554 1310 1854 1405 legatus,
1905 1308 2048 1381 hoc
2089 1310 2274 1382 sicut
2317 1308 2542 1382 abbas
2601 1307 2924 1380 concessit

848 1437 1093 1495 nostro
1124 1422 1351 1519 sigillo
1380 1423 1760 1497 confirmo,

946 1538 1171 1635 Hujus
1216 1555 1454 1612 autem
1502 1540 1852 1639 pactionis
1895 1554 2108 1613 testes
2145 1555 2312 1613 sunt
2365 1539 2755 1614 Gaufridus
2781 1542 2926 1613 car-

847 1654 1165 1726 notensis
1183 1656 1581 1755 episcopus,
1604 1655 1770 1729 odo
1800 1656 1998 1755 prior
2015 1656 2254 1729 Sancti
2276 1657 2562 1729 Martini
2583 1682 2628 1729 a
2645 1654 2922 1753 Campis,

846 1767 1214 1843 Josbertus
1267 1772 1467 1869 prior
1522 1772 1762 1844 Sancti
1793 1772 2144 1869 Dionysii,
2211 1772 2503 1844 Arveius
2563 1771 2926 1870 capicerius

846 1885 1083 1957 Sancti
1124 1886 1469 1983 Dionysii,
1499 1900 1571 1959 et
1600 1901 1797 1960 totus
1827 1902 2222 1961 conventus
2253 1886 2573 1983 ejusdem
2606 1886 2794 1959 loci‘.

1434 2278 1528 2325 vl.
1584 2278 1678 2325 DE
1715 2276 2031 2325 commu
2071 2276 2360 2325 molen.

846 2548 1030 2623 Suger
1070 2544 1275 2620 affecte
1316 2540 1355 2596 ὰ
1386 2540 1595 2617 l'office
1632 2536 1989 2597 d’aumdm'er
2022 2540 2096 2597 de
2135 2537 2394 2609 eabbaye
2441 2556 2518 2594 un
2557 2542 2768 2595 tar-aia
2803 2540 2930 2593 sitne·

924 2635 1063 2713 pres
1084 2638 1165 2693 du
1196 2636 1429 2705 Lendae't,
1459 2636 1645 2691 doum!
1671 2653 1750 2690 au
1777 2631 2090 2691 monestere
2113 2634 2187 2690 dc
2213 2632 2582 2691 Saitae-Dem's
2617 2650 2734 2708 par
2775 2634 2824 2687 le
2857 2634 2929 2687 roe*

926 2735 1101 2789 Leuis
1126 2732 1185 2787 le
1207 2728 1371 2791 Gros.

1713 2884 1881 2965 (vers
1925 2884 2110 2963 1130)

946 3104 1211 3172 Notum
1256 3098 1409 3172 fieri
1456 3097 1791 3171 volumus
1841 3112 1988 3170 tam
2041 3098 2504 3196 praesentibus
2533 3122 2751 3195 quam
2787 3122 2930 3196 pos·

850 3218 1021 3291 teris
1050 3214 1251 3314 quod
1291 3239 1422 3310 ego
1452 3217 1812 3312 sugerius,
1846 3215 1978 3286 Dei
2013 3214 2352 3313 patientia
2407 3214 2602 3286 Beati
2643 3213 2936 3309 Dionysii

846 3331 1138 3407 humilis
1196 3330 1556 3424 minister,
1599 3330 1971 3405 communi
2033 3328 2281 3403 favore
2332 3327 2626 3429 capituli
2691 3325 2932 3415 nostri,

848 3449 1205 3524 culturam
1246 3470 1405 3546 quae
1445 3447 1648 3546 juxta
1689 3447 2078 3519 Indictum
2126 3461 2231 3518 est
2248 3500 2267 3538 ,
2326 3469 2546 3545 quam
2609 3443 2933 3541 gloriosus

852 3590 977 3639 rex
1034 3568 1474 3638 Francorum
1534 3562 1936 3635 Ludovicus
2005 3566 2221 3633 Beato
2295 3560 2642 3657 Dionysio
2719 3555 2934 3647 dedit,

931 3847 993 3906 1.
1022 3842 1093 3902 ld
1116 3852 1203 3902 est
1227 3840 1451 3899 irritum
1484 3840 1702 3917 facere.
1747 3874 1829 3887 —
1867 3844 1931 3901 2.
1955 3841 2244 3901 Mammas
2269 3839 2431 3899 deest
2450 3837 2510 3898 in
2546 3833 2912 3898 chartulario.

934 3938 994 3996 ³.
1026 3936 1113 3995 Ex
1155 3932 1414 3996 Chai-tul.
1456 3930 1612 4005 albo,
1651 3945 1696 3994 t.
1737 3936 1792 4006 1,
1837 3933 1883 3993 Ρ
1926 3936 1993 3993 51
2043 3930 2247 4013 (Arch.
2289 3934 2467 4011 Imp„
2509 3933 2605 3991 LL
2653 3926 2850 4009 ¹157).

850 4026 1063 4103 Felib„
1086 4026 1237 4088 inter
1262 4025 1657 4107 probationes,
1685 4046 1746 4107 p.
1777 4046 1955 4087 xcvii.
1981 4060 2063 4073 —
2089 4025 2326 4099 Chesn„
2353 4027 2458 4099 IV,
2485 4026 2626 4085 553.

933 4123 994 4181 Ιι.
1032 4123 1123 4180 De
1160 4120 1272 4179 hoc
1310 4117 1531 4179 celebri
1574 4117 1766 4181 Sancti
1801 4117 2064 4197 Dionysii
2103 4136 2340 4198 campo,
2375 4112 2551 4197 vulgo
2589 4116 2816 4175 1⁸Indi'ce
2852 4128 2938 4171 sen

850 4216 1063 4275 Lenda
1086 4225 1441 4295 nuncupate,
1474 4215 1543 4275 V.
1578 4210 1814 4291 Lebeeff,
1839 4218 1994 4277 Hm.
2025 4214 2106 4270 da
2139 4212 2363 4271 diocese
2389 4212 2463 4269 de
2493 4214 2690 4281 Paris,
2717 4210 2818 4284 111,
2841 4206 2939 4265 246

856 4316 917 4365 et
942 4322 1064 4387 seq.
