3275 5317
873 600 989 655 276
1306 595 1633 654 OEuvnss
1671 576 2092 652 coMPOETEs
2132 597 2232 652 na
2273 595 2539 654 suana.

873 728 1074 825 piens
1122 726 1535 824 asportavit.
1594 728 1738 795 Nec
1780 724 1916 796 hac
1953 726 2349 799 temeritate
2385 739 2794 814 contentus,
2825 726 2974 797 sine

874 868 1076 917 mora
1106 844 1364 917 iterum
1392 866 1557 915 cum
1589 842 1734 912 suis
1771 840 2240 940 complicibus
2283 865 2632 933 reversuS,
2665 841 2978 915 eoelesiae

864 960 1117 1057 januas
1134 984 1347 1057 super
1368 982 1442 1031 se
1459 956 1739 1047 clausit,
1774 971 1845 1029 et
1863 956 2326 1029 reverendam
2345 956 2725 1029 Salvatoris
2751 958 2978 1031 nostri

873 1102 1211 1152 coronam
1240 1104 1405 1152 cum
1423 1078 1735 1177 pretiosa
1755 1091 1826 1148 et
1856 1077 2126 1149 famosa
2151 1078 2469 1174 ejusdem
2499 1077 2794 1150 Domini
2816 1104 2973 1151 nos-

878 1196 968 1267 tri
1004 1194 1301 1267 sindone
1332 1216 1580 1292 rapere
1618 1191 2034 1264 conabatur.
2081 1191 2221 1263 Sed
2261 1191 2670 1286 burgenses,
2723 1192 2970 1265 audito

877 1324 1074 1381 tanto
1126 1308 1386 1381 scelere
1406 1362 1426 1400 ,
1485 1323 1628 1379 tam
1681 1332 1814 1405 pro
1865 1305 2288 1379 venerandis
2345 1306 2658 1403 reliquiis
2712 1306 2972 1404 quibus

878 1425 1075 1499 locus
1111 1425 1228 1497 ille
1278 1441 1431 1497 toto
1484 1440 1828 1496 terrarum
1867 1423 2046 1496 orbe
2089 1424 2398 1495 famosus
2445 1425 2706 1516 existit,
2759 1450 2970 1521 quam

876 1540 1100 1613 etiam
1127 1564 1264 1637 pro
1292 1538 1627 1612 fidelitate
1654 1563 1875 1636 quam
1905 1536 2145 1610 abbati
2167 1553 2239 1610 et
2263 1538 2604 1611 fratribus
2629 1540 2782 1637 jam
2799 1540 2972 1611 fece-

874 1670 1064 1747 rant,
1083 1679 1249 1726 cum
1267 1656 1481 1726 armis
1514 1654 1810 1727 viriliter
1833 1653 2332 1745 accelerantes,
2369 1670 2745 1753 comperto
2767 1657 2970 1726 etiam

878 1768 1080 1866 quod
1127 1768 1439 1865 sacrilegi
1487 1768 1618 1860 illi,
1661 1794 1754 1842 ne
1799 1770 2052 1841 fratres
2096 1791 2476 1866 campanas
2505 1768 2788 1866 pulsare
2815 1794 2970 1867 pos-

871 1898 1053 1971 sent,
1089 1883 1294 1955 funes
1324 1884 1834 1983 praecidissent,
1867 1899 1938 1956 et
1961 1885 2062 1955 eis
2080 1898 2243 1983 post
2255 1884 2491 1979 ,illatas
2509 1884 2966 1957 contumelias

874 2014 1182 2071 mortem
1224 2000 1699 2088 minarentur,
1753 1999 2094 2097 quoniam
2135 2014 2374 2097 portas
2415 1998 2730 2071 ecclesiae
2784 1999 2974 2071 obse-

874 2128 1061 2185 ratas
1132 2114 1557 2185 intrinsecus
1622 2115 2054 2186 invenerunt
2076 2167 2097 2203 ,
2158 2113 2526 2210 quomodo
2585 2129 2968 2214 potuerunt

874 2228 1239 2301 ecclesiam
1277 2228 1568 2323 ingressi
1610 2242 1808 2319 sunt;
1862 2243 1934 2299 et
1972 2229 2108 2299 nisi
2143 2229 2343 2324 regiae
2377 2229 2731 2324 maJestati
2765 2254 2968 2327 super

874 2344 1089 2415 fratre
1132 2367 1263 2414 suo
1313 2342 1786 2415 deserendum
1816 2341 2283 2439 judicassent,
2333 2368 2457 2415 eos
2498 2346 2624 2440 qui
2677 2367 2848 2414 cum
2891 2366 2966 2413 eo

872 2458 1139 2530 inventi
1162 2474 1352 2551 sunt,
1384 2458 1533 2530 zelo
1559 2461 1865 2552 accensi,
1898 2460 2200 2557 turpiter
2234 2460 2626 2557 punissent.
2667 2460 2964 2533 Retentis

870 2576 1109 2673 itaque
1160 2575 1473 2673 reliquiis
1518 2592 1588 2649 et
1637 2577 2069 2649 conservatis
2124 2574 2456 2647 fratribus
2515 2576 2818 2662 nostriS,
2868 2598 2962 2645 re-

869 2692 1078 2791 pulso
1108 2692 1367 2765 eodem
1408 2692 1763 2792 Philippo,
1801 2718 1966 2765 suos
2003 2717 2291 2790 quoque
2323 2692 2440 2764 vix
2473 2716 2548 2763 se
2589 2716 2630 2763 a
2669 2690 2962 2763 vindicta

870 2809 1286 2882 cohibentes
1317 2809 1762 2905 fugaverunt.
1812 2809 1995 2895 Quia
2029 2808 2241 2902 igitur
2284 2832 2539 2879 eorum
2577 2807 2874 2879 audacia
2903 2820 2962 2877 et

868 2922 1291 2997 clericorum
1338 2940 1723 2997 contumax
1753 2923 2240 2996 inobedientia
2271 2922 2364 2994 ad
2391 2922 2742 3018 justitiam
2785 2946 2964 2993 exer-

868 3038 1173 3111 cendam
1201 3064 1334 3111 nos
1360 3054 1738 3139 provocat,
1769 3039 2314 3111 unanimitatem
2342 3052 2677 3127 vestram,
2719 3037 2813 3109 de
2835 3060 2960 3135 qua

868 3150 1181 3223 multum
1212 3153 1668 3245 confidimuS,
1699 3154 2086 3252 apostolica
2116 3154 2534 3225 auctoritate
2561 3154 2956 3236 invitamus,

869 3276 940 3334 et
967 3263 1143 3335 sicut
1170 3262 1659 3337 fidelissimum
1692 3266 2004 3338 amicum
2021 3265 2314 3363 (quippe
2339 3264 2504 3360 quia
2531 3262 2734 3336 vobis
2751 3260 2774 3296 ¹
2798 3262 2962 3333 invi-

871 3402 1030 3449 cem
1056 3378 1133 3448 in
1168 3380 1820 3479 opportunitatibus
1853 3405 2220 3477 nunquam
2245 3378 2633 3477 defuimus)
2670 3404 2754 3452 ex
2779 3390 2960 3477 parte

874 3493 1088 3565 etiam
1109 3493 1383 3567 domini
1405 3498 1587 3593 regis
1606 3520 1940 3593 rogamus
1972 3509 2044 3567 et
2067 3495 2606 3586 denunciamuS,
2639 3496 2961 3592 quatinus

874 3610 1115 3681 omnia
1146 3634 1303 3707 quae
1332 3611 1466 3683 sub
1502 3612 1804 3683 tuitione
1838 3626 2066 3683 vestra
2097 3610 2412 3682 scelerati
2447 3610 2689 3683 clerici
2713 3608 2960 3681 habere

874 3722 1304 3796 videbantur
1323 3779 1343 3817 ,
1386 3741 1623 3798 vestro
1667 3742 2021 3825 praecepto
2070 3742 2521 3798 reserventur
2564 3752 2580 3796 :
2626 3724 2960 3822 siquidem

872 3836 1032 3935 ipsi,
1105 3839 1331 3938 culpis
1403 3841 1545 3912 suis
1609 3842 2071 3938 exigentibuS,
2141 3842 2406 3939 seipsos
2458 3855 2534 3913 et
2605 3840 2845 3913 officio
2901 3852 2962 3909 et

874 3952 1181 4025 ecclesiae
1244 3954 1590 4028 beneficio
1635 3959 2113 4054 privaverunt.
2182 3960 2476 4028 Certum
2531 3956 2770 4054 itaque
2827 3980 2966 4027 mu·

873 4068 980 4139 tui
1036 4070 1298 4143 amoris
1352 4073 1577 4144 nostri
1643 4087 2136 4168 argumentum
2193 4072 2351 4163 erit,
2411 4071 2472 4144 si
2527 4072 2604 4145 in
2651 4067 2962 4171 praesenti

958 4322 1013 4376 1.
1046 4316 1223 4377 Nobis
1247 4319 1407 4397 edd„
1436 4319 1535 4379 sed
1562 4320 1861 4396 mendose,
1887 4336 1950 4382 ut
1977 4332 2154 4403 patet.
