<?xml version="1.0" encoding="UTF-8"?>
<!DOCTYPE html PUBLIC "-//W3C//DTD XHTML 1.0 Transitional//EN"
    "http://www.w3.org/TR/xhtml1/DTD/xhtml1-transitional.dtd">
<html xmlns="http://www.w3.org/1999/xhtml" xml:lang="en" lang="en">
 <head>
  <title>
</title>
<meta http-equiv="Content-Type" content="text/html;charset=utf-8" />
  <meta name='ocr-system' content='tesseract 3.04.00' />
  <meta name='ocr-capabilities' content='ocr_page ocr_carea ocr_par ocr_line ocrx_word'/>
</head>
<body>
  <div class='ocr_page' id='page_1' title='image "./oeuvrescompltes00marcgoog_0046.png"; bbox 0 0 3275 5317; ppageno 0'>
   <div class='ocr_carea' id='block_1_1' title="bbox 1049 544 2551 605">
    <p class='ocr_par' dir='ltr' id='par_1_1' title="bbox 1049 544 2551 605">
     <span class='ocr_line' id='line_1_1' title="bbox 1049 544 2551 605; baseline 0.002 -4"><span class='ocrx_word' id='word_1_1' title='bbox 1049 548 1178 602; x_wconf 77' lang='lat' dir='ltr'>vm</span> <span class='ocrx_word' id='word_1_2' title='bbox 1216 546 1316 602; x_wconf 85' lang='lat' dir='ltr'>DE</span> <span class='ocrx_word' id='word_1_3' title='bbox 1355 546 1580 603; x_wconf 82' lang='lat' dir='ltr'>Louls</span> <span class='ocrx_word' id='word_1_4' title='bbox 1619 546 1709 603; x_wconf 77' lang='lat' dir='ltr'>LE</span> <span class='ocrx_word' id='word_1_5' title='bbox 1751 544 1973 605; x_wconf 85' lang='lat' dir='ltr'>GROS.</span> <span class='ocrx_word' id='word_1_6' title='bbox 2475 546 2551 605; x_wconf 86' lang='grc'>13</span> 
     </span>
    </p>
   </div>
   <div class='ocr_carea' id='block_1_2' title="bbox 437 676 2571 3195">
    <p class='ocr_par' dir='ltr' id='par_1_2' title="bbox 437 676 2571 3195">
     <span class='ocr_line' id='line_1_2' title="bbox 437 676 2555 775; baseline 0.002 -28"><span class='ocrx_word' id='word_1_7' title='bbox 437 702 838 775; x_wconf 89' lang='lat' dir='ltr'>pauperum</span> <span class='ocrx_word' id='word_1_8' title='bbox 887 677 1209 748; x_wconf 72' lang='lat' dir='ltr'><strong>extiterat</strong></span> <span class='ocrx_word' id='word_1_9' title='bbox 1259 676 1729 749; x_wconf 85' lang='lat' dir='ltr'>intolerabilis</span> <span class='ocrx_word' id='word_1_10' title='bbox 1775 700 2181 775; x_wconf 82' lang='lat' dir='ltr'>oppressor,</span> <span class='ocrx_word' id='word_1_11' title='bbox 2230 678 2555 753; x_wconf 89' lang='lat' dir='ltr'>ecclesia·</span> 
     </span>
     <span class='ocr_line' id='line_1_3' title="bbox 441 790 2571 892; baseline 0.001 -29"><span class='ocrx_word' id='word_1_12' title='bbox 441 818 606 863; x_wconf 89' lang='lat' dir='ltr'>rum</span> <span class='ocrx_word' id='word_1_13' title='bbox 625 791 932 864; x_wconf 85' lang='lat' dir='ltr'>crudelis</span> <span class='ocrx_word' id='word_1_14' title='bbox 955 795 1301 882; x_wconf 87' lang='lat' dir='ltr'>exactor¹‚</span> <span class='ocrx_word' id='word_1_15' title='bbox 1318 806 1415 883; x_wconf 87' lang='lat' dir='ltr'>et,</span> <span class='ocrx_word' id='word_1_16' title='bbox 1440 790 1805 892; x_wconf 85' lang='lat' dir='ltr'>siquando</span> <span class='ocrx_word' id='word_1_17' title='bbox 1821 793 2136 892; x_wconf 84' lang='lat' dir='ltr'>episcopi</span> <span class='ocrx_word' id='word_1_18' title='bbox 2151 793 2261 867; x_wconf 78' lang='lat' dir='ltr'>vel</span> <span class='ocrx_word' id='word_1_19' title='bbox 2280 794 2571 892; x_wconf 87' lang='lat' dir='ltr'>praelati·</span> 
     </span>
     <span class='ocr_line' id='line_1_4' title="bbox 442 906 2551 1009; baseline 0.001 -31"><span class='ocrx_word' id='word_1_20' title='bbox 442 906 893 999; x_wconf 80' lang='lat' dir='ltr'>decederent,</span> <span class='ocrx_word' id='word_1_21' title='bbox 947 908 1620 981; x_wconf 80' lang='lat' dir='ltr'>irreverentissimus</span> <span class='ocrx_word' id='word_1_22' title='bbox 1671 922 1989 981; x_wconf 87' lang='lat' dir='ltr'>retentor</span> <span class='ocrx_word' id='word_1_23' title='bbox 2032 924 2105 981; x_wconf 90' lang='lat' dir='ltr'>et</span> <span class='ocrx_word' id='word_1_24' title='bbox 2147 908 2551 1009; x_wconf 83' lang='lat' dir='ltr'>dissipator.</span> 
     </span>
     <span class='ocr_line' id='line_1_5' title="bbox 441 1021 2555 1121; baseline 0.002 -29"><span class='ocrx_word' id='word_1_25' title='bbox 441 1022 952 1121; x_wconf 87' lang='lat' dir='ltr'>Imponebatur</span> <span class='ocrx_word' id='word_1_26' title='bbox 990 1047 1031 1092; x_wconf 90' lang='lat' dir='ltr'>a</span> <span class='ocrx_word' id='word_1_27' title='bbox 1077 1021 1512 1121; x_wconf 88' lang='lat' dir='ltr'>quibusdam</span> <span class='ocrx_word' id='word_1_28' title='bbox 1566 1023 1855 1095; x_wconf 90' lang='lat' dir='ltr'>cuidam</span> <span class='ocrx_word' id='word_1_29' title='bbox 1904 1022 2353 1095; x_wconf 87' lang='lat' dir='ltr'>nobilissimo</span> <span class='ocrx_word' id='word_1_30' title='bbox 2397 1025 2555 1097; x_wconf 82' lang='lat' dir='ltr'>viro</span> 
     </span>
     <span class='ocr_line' id='line_1_6' title="bbox 441 1137 2548 1236; baseline 0.001 -27"><span class='ocrx_word' id='word_1_31' title='bbox 441 1138 795 1209; x_wconf 83' lang='lat' dir='ltr'>Galterio&#39;</span> <span class='ocrx_word' id='word_1_32' title='bbox 820 1138 1077 1210; x_wconf 89' lang='lat' dir='ltr'>Tirello</span> <span class='ocrx_word' id='word_1_33' title='bbox 1110 1137 1308 1235; x_wconf 91' lang='lat' dir='ltr'>quod</span> <span class='ocrx_word' id='word_1_34' title='bbox 1343 1163 1510 1210; x_wconf 88' lang='lat' dir='ltr'>eum</span> <span class='ocrx_word' id='word_1_35' title='bbox 1539 1139 1789 1235; x_wconf 87' lang='lat' dir='ltr'>sagitta</span> <span class='ocrx_word' id='word_1_36' title='bbox 1818 1138 2247 1236; x_wconf 86' lang='lat' dir='ltr'>perfoderat.</span> <span class='ocrx_word' id='word_1_37' title='bbox 2286 1144 2548 1233; x_wconf 90' lang='lat' dir='ltr'>Quem,</span> 
     </span>
     <span class='ocr_line' id='line_1_7' title="bbox 441 1254 2553 1353; baseline 0.001 -28"><span class='ocrx_word' id='word_1_38' title='bbox 441 1279 604 1325; x_wconf 89' lang='lat' dir='ltr'>cum</span> <span class='ocrx_word' id='word_1_39' title='bbox 637 1278 772 1325; x_wconf 91' lang='lat' dir='ltr'>nec</span> <span class='ocrx_word' id='word_1_40' title='bbox 795 1254 1082 1327; x_wconf 89' lang='lat' dir='ltr'>timeret</span> <span class='ocrx_word' id='word_1_41' title='bbox 1115 1278 1250 1325; x_wconf 90' lang='lat' dir='ltr'>nec</span> <span class='ocrx_word' id='word_1_42' title='bbox 1281 1270 1624 1351; x_wconf 85' lang='lat' dir='ltr'>speraret,</span> <span class='ocrx_word' id='word_1_43' title='bbox 1658 1254 2123 1351; x_wconf 84' lang='lat' dir='ltr'>jurejurando</span> <span class='ocrx_word' id='word_1_44' title='bbox 2157 1255 2409 1353; x_wconf 84' lang='lat' dir='ltr'>saepius</span> <span class='ocrx_word' id='word_1_45' title='bbox 2430 1281 2553 1328; x_wconf 86' lang='lat' dir='ltr'>au-</span> 
     </span>
     <span class='ocr_line' id='line_1_8' title="bbox 443 1368 2557 1467; baseline 0.001 -27"><span class='ocrx_word' id='word_1_46' title='bbox 443 1368 752 1441; x_wconf 88' lang='lat' dir='ltr'>divimus</span> <span class='ocrx_word' id='word_1_47' title='bbox 810 1385 886 1442; x_wconf 91' lang='lat' dir='ltr'>et</span> <span class='ocrx_word' id='word_1_48' title='bbox 925 1370 1125 1467; x_wconf 86' lang='lat' dir='ltr'>quasi</span> <span class='ocrx_word' id='word_1_49' title='bbox 1163 1384 1690 1442; x_wconf 83' lang='lat' dir='ltr'>sacrosanctum</span> <span class='ocrx_word' id='word_1_50' title='bbox 1720 1394 2034 1442; x_wconf 86' lang='lat' dir='ltr'>asserere</span> <span class='ocrx_word' id='word_1_51' title='bbox 2067 1370 2265 1467; x_wconf 89' lang='lat' dir='ltr'>quod</span> <span class='ocrx_word' id='word_1_52' title='bbox 2308 1396 2389 1441; x_wconf 90' lang='lat' dir='ltr'>ea</span> <span class='ocrx_word' id='word_1_53' title='bbox 2439 1370 2557 1443; x_wconf 90' lang='lat' dir='ltr'>die</span> 
     </span>
     <span class='ocr_line' id='line_1_9' title="bbox 441 1484 2557 1583; baseline 0 -27"><span class='ocrx_word' id='word_1_54' title='bbox 441 1485 668 1557; x_wconf 90' lang='lat' dir='ltr'>necin</span> <span class='ocrx_word' id='word_1_55' title='bbox 703 1510 864 1557; x_wconf 90' lang='lat' dir='ltr'>eam</span> <span class='ocrx_word' id='word_1_56' title='bbox 900 1501 1180 1583; x_wconf 83' lang='lat' dir='ltr'>partem</span> <span class='ocrx_word' id='word_1_57' title='bbox 1205 1484 1424 1575; x_wconf 80' lang='lat' dir='ltr'>silvae,</span> <span class='ocrx_word' id='word_1_58' title='bbox 1465 1486 1537 1556; x_wconf 93' lang='lat' dir='ltr'>in</span> <span class='ocrx_word' id='word_1_59' title='bbox 1573 1509 1717 1582; x_wconf 87' lang='lat' dir='ltr'>qua</span> <span class='ocrx_word' id='word_1_60' title='bbox 1750 1510 1875 1557; x_wconf 77' lang='lat' dir='ltr'>rex</span> <span class='ocrx_word' id='word_1_61' title='bbox 1902 1484 2325 1579; x_wconf 85' lang='lat' dir='ltr'>venabatur,</span> <span class='ocrx_word' id='word_1_62' title='bbox 2343 1510 2557 1559; x_wconf 85' lang='lat' dir='ltr'>vene-</span> 
     </span>
     <span class='ocr_line' id='line_1_10' title="bbox 443 1600 2559 1691; baseline 0.001 -20"><span class='ocrx_word' id='word_1_63' title='bbox 443 1602 562 1691; x_wconf 88' lang='lat' dir='ltr'>rit,</span> <span class='ocrx_word' id='word_1_64' title='bbox 608 1624 744 1673; x_wconf 91' lang='lat' dir='ltr'>nec</span> <span class='ocrx_word' id='word_1_65' title='bbox 767 1625 935 1673; x_wconf 90' lang='lat' dir='ltr'>eum</span> <span class='ocrx_word' id='word_1_66' title='bbox 985 1601 1060 1671; x_wconf 91' lang='lat' dir='ltr'>in</span> <span class='ocrx_word' id='word_1_67' title='bbox 1109 1600 1281 1672; x_wconf 83' lang='lat' dir='ltr'>silva</span> <span class='ocrx_word' id='word_1_68' title='bbox 1326 1602 1628 1673; x_wconf 88' lang='lat' dir='ltr'>omnino</span> <span class='ocrx_word' id='word_1_69' title='bbox 1673 1600 1981 1673; x_wconf 82' lang='lat' dir='ltr'>viderit⁸.</span> <span class='ocrx_word' id='word_1_70' title='bbox 2024 1600 2229 1673; x_wconf 82' lang='lat' dir='ltr'>Unde</span> <span class='ocrx_word' id='word_1_71' title='bbox 2280 1616 2559 1673; x_wconf 86' lang='lat' dir='ltr'>constat</span> 
     </span>
     <span class='ocr_line' id='line_1_11' title="bbox 443 1713 2559 1813; baseline -0 -25"><span class='ocrx_word' id='word_1_72' title='bbox 443 1730 715 1788; x_wconf 82' lang='lat' dir='ltr'>tantam</span> <span class='ocrx_word' id='word_1_73' title='bbox 737 1731 882 1787; x_wconf 86' lang='lat' dir='ltr'>tam</span> <span class='ocrx_word' id='word_1_74' title='bbox 905 1714 1145 1787; x_wconf 87' lang='lat' dir='ltr'>subito</span> <span class='ocrx_word' id='word_1_75' title='bbox 1175 1716 1350 1786; x_wconf 88' lang='lat' dir='ltr'>tanti</span> <span class='ocrx_word' id='word_1_76' title='bbox 1375 1713 1566 1813; x_wconf 82' lang='lat' dir='ltr'>[viri]</span> <span class='ocrx_word' id='word_1_77' title='bbox 1585 1716 1608 1751; x_wconf 76' lang='lat'>⁸</span> <span class='ocrx_word' id='word_1_78' title='bbox 1637 1715 1883 1787; x_wconf 84' lang='lat' dir='ltr'>divina</span> <span class='ocrx_word' id='word_1_79' title='bbox 1916 1716 2233 1813; x_wconf 87' lang='lat' dir='ltr'>potentia</span> <span class='ocrx_word' id='word_1_80' title='bbox 2266 1716 2337 1788; x_wconf 92' lang='lat' dir='ltr'>in</span> <span class='ocrx_word' id='word_1_81' title='bbox 2364 1714 2559 1789; x_wconf 79' lang='lat' dir='ltr'>favil-</span> 
     </span>
     <span class='ocr_line' id='line_1_12' title="bbox 445 1831 2558 1929; baseline 0 -26"><span class='ocrx_word' id='word_1_82' title='bbox 445 1832 580 1903; x_wconf 86' lang='lat' dir='ltr'>lam</span> <span class='ocrx_word' id='word_1_83' title='bbox 606 1832 971 1905; x_wconf 88' lang='lat' dir='ltr'>evanuisse</span> <span class='ocrx_word' id='word_1_84' title='bbox 1001 1831 1346 1903; x_wconf 89' lang='lat' dir='ltr'>insaniam</span> <span class='ocrx_word' id='word_1_85' title='bbox 1387 1857 1402 1900; x_wconf 78' lang='grc' dir='ltr'>ε</span> <span class='ocrx_word' id='word_1_86' title='bbox 1442 1832 1671 1928; x_wconf 85' lang='lat' dir='ltr'>utqui</span> <span class='ocrx_word' id='word_1_87' title='bbox 1698 1831 1877 1903; x_wconf 88' lang='lat' dir='ltr'>alios</span> <span class='ocrx_word' id='word_1_88' title='bbox 1898 1856 2414 1929; x_wconf 86' lang='lat' dir='ltr'>supervacanee</span> <span class='ocrx_word' id='word_1_89' title='bbox 2446 1833 2558 1904; x_wconf 93' lang='lat' dir='ltr'>in-</span> 
     </span>
     <span class='ocr_line' id='line_1_13' title="bbox 444 1946 2557 2046; baseline 0.002 -28"><span class='ocrx_word' id='word_1_90' title='bbox 444 1946 840 2045; x_wconf 84' lang='lat' dir='ltr'>quietabat,</span> <span class='ocrx_word' id='word_1_91' title='bbox 869 1948 1150 2043; x_wconf 87' lang='lat' dir='ltr'>gravius</span> <span class='ocrx_word' id='word_1_92' title='bbox 1191 1948 1465 2019; x_wconf 82' lang='lat' dir='ltr'>infinite</span> <span class='ocrx_word' id='word_1_93' title='bbox 1511 1947 1985 2045; x_wconf 78' lang='lat' dir='ltr'>inquietetur3</span> <span class='ocrx_word' id='word_1_94' title='bbox 2016 1963 2091 2019; x_wconf 87' lang='lat' dir='ltr'>et</span> <span class='ocrx_word' id='word_1_95' title='bbox 2138 1948 2264 2046; x_wconf 92' lang='lat' dir='ltr'>qui</span> <span class='ocrx_word' id='word_1_96' title='bbox 2318 1950 2557 2023; x_wconf 85' lang='lat' dir='ltr'>omnia</span> 
     </span>
     <span class='ocr_line' id='line_1_14' title="bbox 447 2060 2561 2159; baseline 0 -26"><span class='ocrx_word' id='word_1_97' title='bbox 447 2060 844 2159; x_wconf 82' lang='lat' dir='ltr'>appetebat,</span> <span class='ocrx_word' id='word_1_98' title='bbox 881 2061 1222 2158; x_wconf 86' lang='lat' dir='ltr'>inglorius</span> <span class='ocrx_word' id='word_1_99' title='bbox 1256 2060 1594 2134; x_wconf 91' lang='lat' dir='ltr'>omnibus</span> <span class='ocrx_word' id='word_1_100' title='bbox 1626 2078 1949 2158; x_wconf 76' lang='lat' dir='ltr'>exuatur.</span> <span class='ocrx_word' id='word_1_101' title='bbox 1990 2066 2145 2134; x_wconf 91' lang='lat' dir='ltr'>Deo</span> <span class='ocrx_word' id='word_1_102' title='bbox 2184 2062 2403 2151; x_wconf 89' lang='lat' dir='ltr'>enim,</span> <span class='ocrx_word' id='word_1_103' title='bbox 2438 2063 2561 2159; x_wconf 89' lang='lat' dir='ltr'>qui</span> 
     </span>
     <span class='ocr_line' id='line_1_15' title="bbox 444 2173 2563 2274; baseline 0.001 -28"><span class='ocrx_word' id='word_1_104' title='bbox 444 2173 814 2247; x_wconf 86' lang='lat' dir='ltr'>baltheum</span> <span class='ocrx_word' id='word_1_105' title='bbox 840 2202 1090 2272; x_wconf 84' lang='lat' dir='ltr'>regum</span> <span class='ocrx_word' id='word_1_106' title='bbox 1141 2175 1525 2272; x_wconf 64' lang='lat' dir='ltr'>discingiv,</span> <span class='ocrx_word' id='word_1_107' title='bbox 1583 2201 1797 2271; x_wconf 86' lang='lat' dir='ltr'>regna</span> <span class='ocrx_word' id='word_1_108' title='bbox 1818 2192 1921 2270; x_wconf 66' lang='lat' dir='ltr'>,et</span> <span class='ocrx_word' id='word_1_109' title='bbox 1961 2202 2349 2274; x_wconf 86' lang='lat' dir='ltr'>regnorum</span> <span class='ocrx_word' id='word_1_110' title='bbox 2399 2176 2563 2273; x_wconf 86' lang='lat' dir='ltr'>jura</span> 
     </span>
     <span class='ocr_line' id='line_1_16' title="bbox 447 2288 2563 2387; baseline 0 -27"><span class='ocrx_word' id='word_1_111' title='bbox 447 2288 694 2386; x_wconf 89' lang='lat' dir='ltr'>subjici</span> <span class='ocrx_word' id='word_1_112' title='bbox 702 2306 948 2363; x_wconf 85' lang='lat' dir='ltr'>untur.</span> <span class='ocrx_word' id='word_1_113' title='bbox 970 2291 1320 2362; x_wconf 86' lang='lat' dir='ltr'>Successit</span> <span class='ocrx_word' id='word_1_114' title='bbox 1333 2288 1568 2361; x_wconf 88' lang='lat' dir='ltr'>eidem</span> <span class='ocrx_word' id='word_1_115' title='bbox 1581 2289 1990 2363; x_wconf 81' lang='lat' dir='ltr'>Guillelmo⁸</span> <span class='ocrx_word' id='word_1_116' title='bbox 2005 2314 2223 2387; x_wconf 86' lang='lat' dir='ltr'>quam</span> <span class='ocrx_word' id='word_1_117' title='bbox 2238 2288 2563 2361; x_wconf 87' lang='lat' dir='ltr'>celeriter</span> 
     </span>
     <span class='ocr_line' id='line_1_17' title="bbox 446 2403 2566 2501; baseline 0 -27"><span class='ocrx_word' id='word_1_118' title='bbox 446 2404 518 2475; x_wconf 89' lang='lat' dir='ltr'>in</span> <span class='ocrx_word' id='word_1_119' title='bbox 550 2430 768 2501; x_wconf 87' lang='lat' dir='ltr'>regno</span> <span class='ocrx_word' id='word_1_120' title='bbox 793 2406 1012 2477; x_wconf 84' lang='lat' dir='ltr'>frater</span> <span class='ocrx_word' id='word_1_121' title='bbox 1047 2404 1284 2475; x_wconf 86' lang='lat' dir='ltr'>minor</span> <span class='ocrx_word' id='word_1_122' title='bbox 1313 2406 1520 2474; x_wconf 86' lang='lat' dir='ltr'>natu⁷</span> <span class='ocrx_word' id='word_1_123' title='bbox 1549 2403 1923 2501; x_wconf 86' lang='lat' dir='ltr'>(quoniam</span> <span class='ocrx_word' id='word_1_124' title='bbox 1958 2404 2306 2476; x_wconf 86' lang='lat' dir='ltr'>Robertus</span> <span class='ocrx_word' id='word_1_125' title='bbox 2338 2405 2566 2501; x_wconf 84' lang='lat' dir='ltr'>major</span> 
     </span>
     <span class='ocr_line' id='line_1_18' title="bbox 446 2516 2559 2617; baseline 0 -26"><span class='ocrx_word' id='word_1_126' title='bbox 446 2520 518 2591; x_wconf 92' lang='lat' dir='ltr'>in</span> <span class='ocrx_word' id='word_1_127' title='bbox 553 2520 675 2592; x_wconf 89' lang='lat' dir='ltr'>illa</span> <span class='ocrx_word' id='word_1_128' title='bbox 726 2545 986 2616; x_wconf 86' lang='lat' dir='ltr'>magna</span> <span class='ocrx_word' id='word_1_129' title='bbox 1038 2517 1490 2615; x_wconf 79' lang='lat' dir='ltr'>expeditione</span> <span class='ocrx_word' id='word_1_130' title='bbox 1543 2518 1783 2589; x_wconf 86' lang='lat' dir='ltr'>Sancti</span> <span class='ocrx_word' id='word_1_131' title='bbox 1832 2516 2201 2617; x_wconf 84' lang='lat' dir='ltr'>Sepulchri</span> <span class='ocrx_word' id='word_1_132' title='bbox 2245 2517 2559 2615; x_wconf 88' lang='lat' dir='ltr'>agebat),</span> 
     </span>
     <span class='ocr_line' id='line_1_19' title="bbox 446 2632 2565 2732; baseline 0.001 -28"><span class='ocrx_word' id='word_1_133' title='bbox 446 2636 556 2705; x_wconf 78' lang='lat' dir='ltr'>vir</span> <span class='ocrx_word' id='word_1_134' title='bbox 605 2634 1201 2732; x_wconf 89' lang='lat' dir='ltr'>prudentissimus</span> <span class='ocrx_word' id='word_1_135' title='bbox 1247 2632 1649 2723; x_wconf 86' lang='lat' dir='ltr'>Henricus⁸‚</span> <span class='ocrx_word' id='word_1_136' title='bbox 1693 2634 1895 2728; x_wconf 86' lang='lat' dir='ltr'>cujus</span> <span class='ocrx_word' id='word_1_137' title='bbox 1936 2646 2085 2706; x_wconf 87' lang='lat' dir='ltr'>tam</span> <span class='ocrx_word' id='word_1_138' title='bbox 2142 2634 2565 2707; x_wconf 90' lang='lat' dir='ltr'>admiranda</span> 
     </span>
     <span class='ocr_line' id='line_1_20' title="bbox 449 2745 2569 2848; baseline 0 -28"><span class='ocrx_word' id='word_1_139' title='bbox 449 2773 673 2847; x_wconf 89' lang='lat' dir='ltr'>quam</span> <span class='ocrx_word' id='word_1_140' title='bbox 690 2745 1139 2848; x_wconf 66' lang='lat' dir='ltr'>praedicanda</span> <span class='ocrx_word' id='word_1_141' title='bbox 1157 2747 1378 2819; x_wconf 89' lang='lat' dir='ltr'>animi</span> <span class='ocrx_word' id='word_1_142' title='bbox 1405 2762 1474 2820; x_wconf 89' lang='lat' dir='ltr'>et</span> <span class='ocrx_word' id='word_1_143' title='bbox 1497 2750 1820 2845; x_wconf 83' lang='lat' dir='ltr'>corporis</span> <span class='ocrx_word' id='word_1_144' title='bbox 1848 2748 2225 2821; x_wconf 88' lang='lat' dir='ltr'>strenuitas</span> <span class='ocrx_word' id='word_1_145' title='bbox 2244 2769 2317 2822; x_wconf 90' lang='lat' dir='ltr'>et</span> <span class='ocrx_word' id='word_1_146' title='bbox 2346 2750 2569 2821; x_wconf 89' lang='lat' dir='ltr'>scien·</span> 
     </span>
     <span class='ocr_line' id='line_1_21' title="bbox 451 2856 2553 2960; baseline 0 -24"><span class='ocrx_word' id='word_1_147' title='bbox 451 2856 858 2960; x_wconf 71' lang='lat' dir='ltr'>tia&#39;gratam</span> <span class='ocrx_word' id='word_1_148' title='bbox 889 2862 1274 2935; x_wconf 84' lang='lat' dir='ltr'>offerrent⁹</span> <span class='ocrx_word' id='word_1_149' title='bbox 1310 2863 1708 2935; x_wconf 88' lang='lat' dir='ltr'>materiam.</span> <span class='ocrx_word' id='word_1_150' title='bbox 1750 2862 1891 2935; x_wconf 90' lang='lat' dir='ltr'>Sed</span> <span class='ocrx_word' id='word_1_151' title='bbox 1913 2864 2015 2935; x_wconf 89' lang='lat' dir='ltr'>nil</span> <span class='ocrx_word' id='word_1_152' title='bbox 2048 2878 2288 2937; x_wconf 82' lang='lat' dir='ltr'>nostra</span> <span class='ocrx_word' id='word_1_153' title='bbox 2311 2866 2553 2955; x_wconf 90' lang='lat' dir='ltr'>refert,</span> 
     </span>
     <span class='ocr_line' id='line_1_22' title="bbox 447 2977 2563 3079; baseline 0.001 -28"><span class='ocrx_word' id='word_1_154' title='bbox 447 2980 582 3052; x_wconf 88' lang='lat' dir='ltr'>nisi</span> <span class='ocrx_word' id='word_1_155' title='bbox 617 2980 676 3052; x_wconf 92' lang='lat' dir='ltr'>si</span> <span class='ocrx_word' id='word_1_156' title='bbox 705 2977 975 3079; x_wconf 91' lang='lat' dir='ltr'>aliquid</span> <span class='ocrx_word' id='word_1_157' title='bbox 1007 2978 1398 3051; x_wconf 90' lang='lat' dir='ltr'>incidenter</span> <span class='ocrx_word' id='word_1_158' title='bbox 1417 2981 1679 3051; x_wconf 86' lang='lat' dir='ltr'>nostris</span> <span class='ocrx_word' id='word_1_159' title='bbox 1693 2979 2157 3052; x_wconf 81' lang='lat' dir='ltr'>convertibile</span> <span class='ocrx_word' id='word_1_160' title='bbox 2178 2978 2563 3078; x_wconf 86' lang='lat' dir='ltr'>aliquando</span> 
     </span>
     <span class='ocr_line' id='line_1_23' title="bbox 450 3093 2565 3195; baseline 0 -28"><span class='ocrx_word' id='word_1_161' title='bbox 450 3120 584 3169; x_wconf 90' lang='lat' dir='ltr'>nos</span> <span class='ocrx_word' id='word_1_162' title='bbox 608 3110 960 3195; x_wconf 88' lang='lat' dir='ltr'>oporteat,</span> <span class='ocrx_word' id='word_1_163' title='bbox 989 3094 1170 3167; x_wconf 89' lang='lat' dir='ltr'>sicut</span> <span class='ocrx_word' id='word_1_164' title='bbox 1193 3108 1264 3165; x_wconf 91' lang='lat' dir='ltr'>et</span> <span class='ocrx_word' id='word_1_165' title='bbox 1294 3093 1385 3165; x_wconf 93' lang='lat' dir='ltr'>de</span> <span class='ocrx_word' id='word_1_166' title='bbox 1415 3118 1635 3190; x_wconf 86' lang='lat' dir='ltr'>regno</span> <span class='ocrx_word' id='word_1_167' title='bbox 1675 3094 2339 3192; x_wconf 60' lang='lat' dir='ltr'>Inthmingorumw,</span> <span class='ocrx_word' id='word_1_168' title='bbox 2368 3121 2565 3170; x_wconf 91' lang='lat' dir='ltr'>sum-</span> 
     </span>
    </p>
   </div>
   <div class='ocr_carea' id='block_1_3' title="bbox 451 3275 2561 3614">
    <p class='ocr_par' dir='ltr' id='par_1_3' title="bbox 531 3275 1406 3335">
     <span class='ocr_line' id='line_1_24' title="bbox 531 3275 1406 3335; baseline 0 0"><span class='ocrx_word' id='word_1_169' title='bbox 531 3278 590 3335; x_wconf 83' lang='grc'>1.</span> <span class='ocrx_word' id='word_1_170' title='bbox 633 3278 926 3333; x_wconf 73' lang='lat' dir='ltr'>Exauctor</span> <span class='ocrx_word' id='word_1_171' title='bbox 959 3276 1075 3332; x_wconf 85' lang='lat'>133</span> <span class='ocrx_word' id='word_1_172' title='bbox 1104 3284 1162 3332; x_wconf 87' lang='lat' dir='ltr'>et</span> <span class='ocrx_word' id='word_1_173' title='bbox 1185 3275 1406 3335; x_wconf 78' lang='lat'>12710.</span> 
     </span>
    </p>

    <p class='ocr_par' dir='ltr' id='par_1_4' title="bbox 451 3365 2561 3519">
     <span class='ocr_line' id='line_1_25' title="bbox 531 3365 2561 3429; baseline -0.001 -2"><span class='ocrx_word' id='word_1_174' title='bbox 531 3372 590 3427; x_wconf 81' lang='lat'>2.</span> <span class='ocrx_word' id='word_1_175' title='bbox 637 3372 927 3429; x_wconf 78' lang='lat' dir='ltr'>Gualeert&#39;o</span> <span class='ocrx_word' id='word_1_176' title='bbox 963 3370 1079 3427; x_wconf 80' lang='lat'>135</span> <span class='ocrx_word' id='word_1_177' title='bbox 1120 3379 1178 3426; x_wconf 88' lang='lat' dir='ltr'>et</span> <span class='ocrx_word' id='word_1_178' title='bbox 1224 3370 1536 3427; x_wconf 76' lang='lat'>12710.--</span> <span class='ocrx_word' id='word_1_179' title='bbox 1557 3372 1787 3427; x_wconf 81' lang='lat' dir='ltr'>Galtero</span> <span class='ocrx_word' id='word_1_180' title='bbox 1821 3368 1961 3429; x_wconf 86' lang='lat' dir='ltr'>edit.</span> <span class='ocrx_word' id='word_1_181' title='bbox 1994 3369 2194 3429; x_wconf 84' lang='lat' dir='ltr'>Germ.</span> <span class='ocrx_word' id='word_1_182' title='bbox 2222 3370 2281 3427; x_wconf 90' lang='lat' dir='ltr'>Is</span> <span class='ocrx_word' id='word_1_183' title='bbox 2310 3378 2434 3427; x_wconf 84' lang='lat' dir='ltr'>erat</span> <span class='ocrx_word' id='word_1_184' title='bbox 2460 3365 2519 3425; x_wconf 75' lang='lat' dir='ltr'>Pi</span> <span class='ocrx_word' id='word_1_185' title='bbox 2550 3400 2561 3413; x_wconf 85' lang='lat'>·</span> 
     </span>
     <span class='ocr_line' id='line_1_26' title="bbox 451 3457 1311 3519; baseline 0 0"><span class='ocrx_word' id='word_1_186' title='bbox 451 3457 562 3519; x_wconf 76' lang='lat' dir='ltr'>ccii</span> <span class='ocrx_word' id='word_1_187' title='bbox 593 3472 651 3519; x_wconf 89' lang='lat' dir='ltr'>et</span> <span class='ocrx_word' id='word_1_188' title='bbox 681 3459 992 3519; x_wconf 79' lang='lat' dir='ltr'>Pontisarae</span> <span class='ocrx_word' id='word_1_189' title='bbox 1020 3459 1311 3519; x_wconf 88' lang='lat' dir='ltr'>dominus.</span> 
     </span>
    </p>

    <p class='ocr_par' dir='ltr' id='par_1_5' title="bbox 535 3554 1348 3614">
     <span class='ocr_line' id='line_1_27' title="bbox 535 3554 1348 3614; baseline 0 -3"><span class='ocrx_word' id='word_1_190' title='bbox 535 3554 593 3611; x_wconf 82' lang='lat'>3.</span> <span class='ocrx_word' id='word_1_191' title='bbox 636 3557 710 3611; x_wconf 76' lang='lat' dir='ltr'>In</span> <span class='ocrx_word' id='word_1_192' title='bbox 734 3557 878 3611; x_wconf 75' lang='lat' dir='ltr'>silva</span> <span class='ocrx_word' id='word_1_193' title='bbox 908 3555 1182 3611; x_wconf 73' lang='lat' dir='ltr'>invenerit</span> <span class='ocrx_word' id='word_1_194' title='bbox 1209 3555 1348 3614; x_wconf 84' lang='lat'>133.</span> 
     </span>
    </p>
   </div>
   <div class='ocr_carea' id='block_1_4' title="bbox 453 3649 2566 4383">
    <p class='ocr_par' dir='ltr' id='par_1_6' title="bbox 537 3649 1920 3731">
     <span class='ocr_line' id='line_1_28' title="bbox 537 3649 1920 3731; baseline 0.002 -20"><span class='ocrx_word' id='word_1_195' title='bbox 537 3654 596 3711; x_wconf 77' lang='lat'>4.</span> <span class='ocrx_word' id='word_1_196' title='bbox 641 3656 692 3709; x_wconf 85' lang='lat' dir='ltr'><em>V</em></span> <span class='ocrx_word' id='word_1_197' title='bbox 694 3658 770 3709; x_wconf 80' lang='lat' dir='ltr'>iri</span> <span class='ocrx_word' id='word_1_198' title='bbox 793 3650 949 3711; x_wconf 88' lang='lat' dir='ltr'>inter</span> <span class='ocrx_word' id='word_1_199' title='bbox 969 3650 1212 3710; x_wconf 87' lang='lat' dir='ltr'>uncinos</span> <span class='ocrx_word' id='word_1_200' title='bbox 1238 3649 1520 3731; x_wconf 82' lang='lat' dir='ltr'>adjiciunt</span> <span class='ocrx_word' id='word_1_201' title='bbox 1545 3650 1920 3714; x_wconf 86' lang='lat' dir='ltr'>Benedictini.</span> 
     </span>
    </p>

    <p class='ocr_par' dir='ltr' id='par_1_7' title="bbox 535 3742 1782 3824">
     <span class='ocr_line' id='line_1_29' title="bbox 535 3742 1782 3824; baseline 0.006 -22"><span class='ocrx_word' id='word_1_202' title='bbox 535 3746 593 3804; x_wconf 73' lang='lat' dir='ltr'>B.</span> <span class='ocrx_word' id='word_1_203' title='bbox 637 3744 902 3804; x_wconf 86' lang='lat' dir='ltr'>Meminit</span> <span class='ocrx_word' id='word_1_204' title='bbox 923 3743 1194 3824; x_wconf 82' lang='lat' dir='ltr'>Sugerius</span> <span class='ocrx_word' id='word_1_205' title='bbox 1220 3742 1352 3803; x_wconf 85' lang='lat' dir='ltr'>libri</span> <span class='ocrx_word' id='word_1_206' title='bbox 1377 3744 1510 3820; x_wconf 85' lang='lat' dir='ltr'>Job,</span> <span class='ocrx_word' id='word_1_207' title='bbox 1539 3766 1648 3821; x_wconf 81' lang='lat'>111,</span> <span class='ocrx_word' id='word_1_208' title='bbox 1684 3750 1782 3809; x_wconf 87' lang='grc'>18.</span> 
     </span>
    </p>

    <p class='ocr_par' dir='ltr' id='par_1_8' title="bbox 537 3840 1082 3899">
     <span class='ocr_line' id='line_1_30' title="bbox 537 3840 1082 3899; baseline 0.004 -2"><span class='ocrx_word' id='word_1_209' title='bbox 537 3840 596 3898; x_wconf 84' lang='grc'><strong>6.</strong></span> <span class='ocrx_word' id='word_1_210' title='bbox 641 3842 916 3898; x_wconf 79' lang='lat' dir='ltr'>Guilelmo</span> <span class='ocrx_word' id='word_1_211' title='bbox 942 3841 1082 3899; x_wconf 72' lang='lat'>543.</span> 
     </span>
    </p>

    <p class='ocr_par' dir='ltr' id='par_1_9' title="bbox 537 3930 2168 4011">
     <span class='ocr_line' id='line_1_31' title="bbox 537 3930 2168 4011; baseline 0.004 -23"><span class='ocrx_word' id='word_1_212' title='bbox 537 3934 596 3993; x_wconf 85' lang='lat'>7.</span> <span class='ocrx_word' id='word_1_213' title='bbox 623 3938 780 3993; x_wconf 76' lang='lat' dir='ltr'>Natu</span> <span class='ocrx_word' id='word_1_214' title='bbox 805 3933 968 3993; x_wconf 83' lang='lat' dir='ltr'>deest</span> <span class='ocrx_word' id='word_1_215' title='bbox 987 3930 1050 3991; x_wconf 90' lang='lat' dir='ltr'>in</span> <span class='ocrx_word' id='word_1_216' title='bbox 1065 3932 1240 3996; x_wconf 84' lang='lat' dir='ltr'>codd.</span> <span class='ocrx_word' id='word_1_217' title='bbox 1275 3933 1432 3992; x_wconf 77' lang='lat'>5925</span> <span class='ocrx_word' id='word_1_218' title='bbox 1454 3943 1514 3992; x_wconf 87' lang='lat' dir='ltr'>et</span> <span class='ocrx_word' id='word_1_219' title='bbox 1541 3934 1721 4006; x_wconf 77' lang='lat'><strong>6265,</strong></span> <span class='ocrx_word' id='word_1_220' title='bbox 1738 3944 1913 4011; x_wconf 83' lang='lat' dir='ltr'>atque</span> <span class='ocrx_word' id='word_1_221' title='bbox 1938 3930 1999 3991; x_wconf 91' lang='lat' dir='ltr'>in</span> <span class='ocrx_word' id='word_1_222' title='bbox 2027 3932 2168 3995; x_wconf 84' lang='lat' dir='ltr'>edd.</span> 
     </span>
    </p>

    <p class='ocr_par' dir='ltr' id='par_1_10' title="bbox 537 4024 1616 4097">
     <span class='ocr_line' id='line_1_32' title="bbox 537 4024 1616 4097; baseline 0.003 -15"><span class='ocrx_word' id='word_1_223' title='bbox 537 4027 598 4084; x_wconf 86' lang='lat'>8.</span> <span class='ocrx_word' id='word_1_224' title='bbox 636 4025 922 4085; x_wconf 78' lang='lat' dir='ltr'>Hem-icus</span> <span class='ocrx_word' id='word_1_225' title='bbox 947 4030 998 4097; x_wconf 91' lang='lat'>1,</span> <span class='ocrx_word' id='word_1_226' title='bbox 1025 4024 1214 4086; x_wconf 86' lang='lat' dir='ltr'>dictus</span> <span class='ocrx_word' id='word_1_227' title='bbox 1236 4028 1616 4087; x_wconf 82' lang='lat' dir='ltr'>Beau-Clerc.</span> 
     </span>
    </p>

    <p class='ocr_par' dir='ltr' id='par_1_11' title="bbox 453 4114 2566 4271">
     <span class='ocr_line' id='line_1_33' title="bbox 539 4114 2566 4198; baseline 0 -22"><span class='ocrx_word' id='word_1_228' title='bbox 539 4120 597 4177; x_wconf 84' lang='lat'>9.</span> <span class='ocrx_word' id='word_1_229' title='bbox 641 4122 931 4195; x_wconf 80' lang='lat' dir='ltr'>Afferrent</span> <span class='ocrx_word' id='word_1_230' title='bbox 983 4121 1098 4179; x_wconf 77' lang='lat'>543</span> <span class='ocrx_word' id='word_1_231' title='bbox 1147 4130 1207 4178; x_wconf 82' lang='lat' dir='ltr'>et</span> <span class='ocrx_word' id='word_1_232' title='bbox 1255 4122 1406 4189; x_wconf 83' lang='grc'>133,</span> <span class='ocrx_word' id='word_1_233' title='bbox 1458 4116 1624 4194; x_wconf 83' lang='lat' dir='ltr'>cuius</span> <span class='ocrx_word' id='word_1_234' title='bbox 1686 4114 1781 4177; x_wconf 84' lang='lat' dir='ltr'>hic</span> <span class='ocrx_word' id='word_1_235' title='bbox 1842 4114 2051 4178; x_wconf 86' lang='lat' dir='ltr'>desinit</span> <span class='ocrx_word' id='word_1_236' title='bbox 2110 4117 2361 4198; x_wconf 84' lang='lat' dir='ltr'>primum</span> <span class='ocrx_word' id='word_1_237' title='bbox 2414 4120 2566 4197; x_wconf 80' lang='lat' dir='ltr'>frag-</span> 
     </span>
     <span class='ocr_line' id='line_1_34' title="bbox 453 4221 734 4271; baseline 0 0"><span class='ocrx_word' id='word_1_238' title='bbox 453 4221 734 4271; x_wconf 71' lang='lat' dir='ltr'>mentum.</span> 
     </span>
    </p>

    <p class='ocr_par' dir='ltr' id='par_1_12' title="bbox 537 4304 1365 4383">
     <span class='ocr_line' id='line_1_35' title="bbox 537 4304 1365 4383; baseline 0.002 -20"><span class='ocrx_word' id='word_1_239' title='bbox 537 4308 564 4363; x_wconf 89' lang='grc'>1</span> <span class='ocrx_word' id='word_1_240' title='bbox 579 4306 638 4365; x_wconf 87' lang='grc'><strong>0.</strong></span> <span class='ocrx_word' id='word_1_241' title='bbox 681 4304 1188 4383; x_wconf 64' lang='lat' dir='ltr'>Locha-inguarum</span> <span class='ocrx_word' id='word_1_242' title='bbox 1225 4310 1254 4365; x_wconf 84' lang='lat'><strong>1</strong></span> <span class='ocrx_word' id='word_1_243' title='bbox 1267 4309 1365 4365; x_wconf 74' lang='lat'>35.</span> 
     </span>
    </p>
   </div>
  </div>
 </body>
</html>
