3275 5317
1069 586 1192 643 vu:
1232 589 1334 643 Da
1373 586 1643 645 suem.
2066 562 2071 567 ’
2294 588 2403 647 40¹

299 745 447 792 non
475 717 652 808 vidi,
688 719 840 791 sine
871 718 1136 814 gemitu
1165 742 1312 789 non
1327 716 1651 815 eloquor.
1683 721 2009 814 Cumque
2037 718 2412 793 intellexis-

303 849 410 907 set
442 835 633 907 hanc
658 858 810 907 esse
832 832 1283 905 vocationem
1310 855 1540 922 suam,
1561 847 1634 902 et
1659 828 1853 902 diem
1879 830 2013 903 sibi
2040 832 2413 907 imminere
2521 833 2536 852 ⁸

309 950 672 1035 ultimum,
707 974 910 1047 aequo
941 950 1184 1021 animo
1222 962 1294 1019 et
1344 946 1558 1017 alacri
1587 946 1749 1018 tulit
1790 946 2193 1020 Conditoris
2222 949 2415 1021 arbi-

310 1066 570 1155 trium3
607 1064 832 1154 laetus,
870 1078 954 1135 ut
986 1062 1106 1147 ait,
1151 1060 1349 1159 quod
1389 1086 1472 1131 ex
1503 1060 1640 1133 hac
1672 1062 1871 1158 quasi
1905 1061 2109 1134 fovea
2138 1064 2211 1134 in
2241 1063 2421 1137 illud

310 1180 702 1277 aliquando
737 1179 1068 1251 evaderet
1098 1176 1410 1250 liberum
1442 1189 1514 1247 et
1535 1174 1863 1249 sublime.
1896 1180 2144 1250 Nonne
2173 1179 2426 1277 spiritu

312 1297 457 1369 hoc
489 1295 936 1394 praeviderat,
969 1292 1264 1391 quando
1293 1292 1594 1364 Turonis
1626 1290 1723 1363 ad
1749 1290 2157 1389 sepulcrum
2188 1294 2424 1366 eximii

316 1410 746 1484 confessoris
787 1410 1044 1483 eodem
1097 1432 1291 1479 anno
1335 1406 1592 1479 orandi
1629 1408 1845 1501 gratia
1895 1409 2257 1505 profectus
2295 1426 2424 1499 est,

317 1526 673 1623 migrandi
706 1528 956 1624 utique
984 1526 1333 1623 petiturus
1359 1520 1745 1611 licentiam,
1782 1537 1877 1611 et,
1913 1537 1991 1593 ut
2014 1523 2223 1596 nobis
2250 1552 2433 1599 asse-

323 1643 552 1732 rebat,
595 1640 750 1715 vale
794 1639 894 1711 illi
927 1640 1250 1711 dicturus
1280 1636 1663 1709 ultimum?
1695 1634 1831 1709 Ubi
1858 1640 2073 1710 etiam
2098 1638 2193 1711 ad
2210 1642 2433 1715 sancti

325 1757 691 1829 tumulum
757 1755 962 1829 solita
1017 1753 1440 1826 liberalitate
1490 1753 1681 1824 visus
1734 1766 1843 1824 est
1888 1754 2145 1851 egregii
2202 1758 2437 1855 operis

327 1886 600 1945 vestem
633 1870 978 1943 obtulisse
1011 1870 1332 1941 sericam.

426 1986 611 2057 Illud
659 2000 941 2057 tantum
991 1984 1291 2056 moleste
1325 1984 1703 2058 videbatur
1732 1985 1944 2077 ferre,
1987 1987 2188 2084 quod
2222 1986 2443 2060 devo·

331 2101 548 2173 tionis
601 2124 742 2172 suae
786 2099 1238 2198 propositum
1304 2098 1484 2170 alius
1533 2101 1953 2198 susciperet,
2000 2101 2321 2196 segnius,
2366 2118 2448 2175 ut

336 2213 656 2306 timebat,
701 2213 1214 2313 peragendum.
1254 2216 1356 2283 Ne
1404 2237 1574 2309 ergo
1620 2228 1874 2287 votum
1924 2240 2134 2287 suum
2158 2240 2450 2313 prorsus

335 2330 678 2403 infectum
711 2330 1172 2426 relinqueret,
1195 2328 1400 2423 elegit
1421 2354 1507 2399 ex
1529 2328 1988 2401 nobilissimis
2016 2334 2452 2403 Francorum

338 2446 758 2545 proceribus
799 2446 1034 2517 virum
1083 2459 1156 2516 et
1201 2444 1445 2515 animo
1501 2458 1577 2515 et
1618 2443 1891 2515 viribus
1935 2446 2007 2515 in
2040 2470 2122 2517 re
2166 2447 2451 2519 militari

340 2561 1054 2676 experientissimum,
1092 2573 1164 2630 et
1193 2582 1412 2655 quem
1465 2559 1618 2629 vice
1668 2584 1797 2631 sua
1830 2560 2150 2633 mitteret
2176 2577 2449 2661 aptum,

342 2701 430 2749 eo
460 2676 658 2775 quod
711 2673 806 2746 ad
857 2673 1217 2747 coelestem
1273 2673 1717 2745 Hierusalem
1748 2689 2043 2747 vocatus
2084 2677 2234 2774 ipse
2262 2678 2461 2775 praei-

343 2806 478 2865 ret.
512 2792 644 2863 Cui
679 2816 848 2863 cum
871 2805 945 2862 et
991 2814 1172 2887 opus
1221 2812 1452 2871 suum,
1473 2804 1546 2861 et
1580 2804 1834 2861 votum
1868 2790 2211 2888 impressa
2248 2816 2459 2865 cruce

343 2906 782 3003 injunxisset,
807 2905 1166 3002 impensas
1182 2927 1474 3000 quoque
1505 2927 1683 3000 quas
1710 2906 2147 3002 praemiserat
2176 2932 2465 2981 conces-

347 3022 439 3094 sit
472 3045 489 3091 :
523 3044 682 3116 quae
712 3019 812 3089 illi
848 3008 1203 3108 videlicet,
1240 3031 1310 3089 et
1333 3042 1482 3089 non
1515 3018 1761 3116 paucis
1798 3018 2175 3108 militibus,
2212 3020 2307 3094 ad
2334 3024 2463 3096 im·

347 3134 778 3234 pugnandos
831 3132 1147 3232 perfidos
1195 3147 1268 3205 et
1317 3131 1757 3205 ulciscendas
1801 3135 2119 3208 coelestes
2169 3138 2463 3235 injurias

351 3251 566 3346 longo
599 3265 920 3349 tempore
941 3246 1375 3320 sufficerent.

451 3366 555 3434 Ex
603 3361 720 3433 illa
776 3360 1090 3458 denique
1130 3357 1249 3431 die
1287 3360 1478 3456 cepit
1515 3360 1770 3432 horam
1808 3361 2135 3435 ultimam
2176 3364 2313 3437 hila
2323 3367 2469 3439 rior

355 3490 725 3574 expectare
765 3502 782 3547 τ
816 3500 949 3547 nec
1007 3472 1409 3573 trepidabat
1466 3472 1560 3546 ad
1616 3491 1960 3568 extrema,
2020 3479 2189 3575 quia
2246 3480 2469 3551 vitam

356 3604 982 3667 consummaverat
1011 3602 1177 3660 ante
1213 3604 1554 3681 mortem,
1581 3612 1718 3661 nec
1747 3589 2035 3687 pigebat
2065 3616 2234 3662 eum
2282 3594 2469 3664 mori

357 3732 526 3781 cum
565 3706 851 3803 juvaret
879 3705 1148 3777 vivere.
1185 3703 1445 3799 Libens
1493 3702 1757 3793 exibat,
1817 3704 2156 3799 quoniam
2182 3712 2185 3717 ’
2212 3708 2471 3780 emisso

358 3820 497 3893 sibi
540 3820 804 3895 sciebat
851 3818 1148 3892 meliora
1203 3832 1489 3891 restare.
1541 3820 1685 3887 Nec
1719 3815 2019 3914 putabat
2064 3822 2469 3896 exeundum

361 3936 518 4009 viro
553 3934 752 4008 bono
773 3935 959 4007 sicut
977 3936 1124 4006 exit
1152 3934 1278 4030 qui
1305 3931 1608 4029 ejicitur,
1636 3931 1765 4027 qui
1790 3930 2055 4005 invitus
2072 3938 2466 4033 expellitur.

366 4056 533 4126 Erat
562 4051 802 4149 itaque
836 4050 912 4122 in
944 4063 1336 4147 conspectu
1386 4046 1636 4119 mortis
1663 4045 1919 4141 alacer,
1954 4062 2028 4121 et
2050 4053 2479 4148 promitten-

370 4168 566 4242 tibus
603 4168 849 4255 vitam,
894 4170 1128 4239 Deum
1163 4178 1414 4249 testor,
1458 4163 1681 4255 magis
1722 4162 2225 4260 indignabatur
2262 4195 2481 4268 quam

371 4283 618 4357 morti.
692 4282 836 4369 Qui
899 4282 1170 4353 mirum
1223 4278 1296 4349 in
1347 4276 1652 4349 modum
1698 4302 1787 4351 eo
1834 4278 2031 4351 vultu
2084 4280 2483 4385 eodemque

2176 4408 2254 4464 26
