3275 5317
1202 581 1547 644 LETTRES.
2307 591 2425 648 273

326 736 545 783 canus
576 710 994 809 specialiter,
1046 726 1247 784 tanto
1290 711 1633 784 audacior
1671 729 1948 810 quanto
1989 742 2074 787 ex
2120 718 2274 817 ipsa
2312 726 2422 790 sui

321 825 609 898 infamia
654 824 892 918 vilior,
941 840 1014 898 et
1058 825 1355 923 quidam
1404 826 1587 899 alius
1650 827 1982 901 Gir-aldus
2029 830 2120 902 de
2179 837 2422 927 Portu,

317 942 511 1014 haud
558 940 683 1013 illo
710 941 1039 1013 miserior
1076 942 1332 1015 foetore
1370 942 1702 1035 infamiae,
1747 944 1895 1016 sive
1935 946 2380 1020 miserrimus
2403 1004 2424 1043 ,

318 1058 579 1155 aliique
608 1057 847 1156 plures
878 1057 1267 1130 domestica
1301 1058 1487 1129 mala
1519 1074 1591 1130 et
1614 1059 1722 1131 rei
1753 1059 2120 1133 familiaris
2146 1065 2428 1161 spurci-

317 1174 493 1244 tiam
528 1171 1004 1271 deplorantes,
1042 1172 1279 1244 Prima
1311 1172 1605 1270 quidem
1646 1173 1765 1245 die
1806 1178 2039 1248 vocati
2085 1177 2177 1248 ad
2223 1178 2428 1251 audi-

318 1289 591 1360 tionem
623 1286 940 1359 mandati
977 1289 1217 1379 vestri,
1252 1288 1384 1385 ipsi
1415 1289 1741 1361 canonici
1771 1291 2013 1363 venire
2052 1307 2422 1393 contemp-

319 1419 591 1477 serunt.
644 1410 827 1477 Cum
870 1420 1109 1476 autem
1162 1428 1236 1476 se
1286 1430 1407 1475 eos
1428 1402 1830 1479 'absentare
1877 1422 1948 1478 et
1985 1425 2425 1506 praeceptum

316 1536 637 1593 vestrum
694 1519 889 1591 nolle
946 1520 1192 1591 audire
1243 1520 1613 1592 manifeste
1660 1521 2096 1615 videremus,
2157 1524 2430 1596 clericis

318 1634 473 1707 aliis
491 1649 564 1705 et
585 1635 857 1733 populo
893 1634 1135 1707 multis
1160 1634 1473 1707 millibus
1504 1652 1960 1732 congregato,
2009 1638 2428 1711 mandatum

316 1764 635 1821 vestrum
690 1748 781 1820 de
842 1749 1217 1821 statuenda
1273 1749 1617 1845 religione
1676 1750 1749 1821 in
1815 1750 2066 1824 eadem
2132 1753 2425 1825 ecclesia

316 1888 562 1936 coram
605 1864 866 1962 exponi
912 1864 1213 1937 fecimus
1236 1920 1259 1957 ,
1311 1866 1706 1973 monachos
1757 1864 2025 1938 ibidem
2087 1868 2424 1968 deinceps

316 1978 453 2050 sub
480 1978 823 2075 religione
866 1976 1344 2051 deservituros
1381 1979 1954 2075 significavimus,
1997 1984 2426 2056 praebendas

315 2095 829 2166 canonicorum
880 2118 1003 2167 eos
1055 2095 1130 2165 in
1182 2119 1359 2193 pace
1410 2096 1772 2192 possidere
1830 2098 1906 2168 in
1965 2097 2424 2195 beneplacito
2487 2078 2494 2085 ⁴

312 2225 576 2301 vestr-0,
606 2210 837 2282 donec
862 2210 1071 2282 vobis
1098 2210 1465 2307 quidinde
1502 2210 1703 2283 fieret
1726 2210 2056 2282 ordinare
2084 2202 2419 2307 placeret,

316 2327 679 2398 assistente
736 2326 1033 2398 domino
1071 2349 1264 2421 rege,
1301 2326 1784 2422 promisimus.
1830 2326 1974 2423 Ipsi
2009 2350 2176 2397 vero
2210 2351 2427 2398 cano-

317 2440 487 2532 nici,
541 2466 719 2513 ausu
763 2438 1104 2535 sacrilego
1145 2440 1502 2512 irruentes
1550 2440 1623 2511 in
1666 2438 1971 2510 eandem
2010 2439 2378 2512 ecclesiam
2403 2494 2423 2532 ,

314 2558 785 2629 sanctissimas
814 2556 1148 2653 reliquias
1178 2558 1435 2654 spineae
1454 2580 1735 2628 coronae
1762 2557 2057 2629 Domini
2082 2571 2152 2629 et
2175 2572 2426 2630 sanctae

311 2671 659 2763 sindoniS,
692 2687 764 2743 et
824 2672 1190 2743 thesauros
1245 2670 1566 2767 ejusdem
1626 2671 1962 2762 ecclesiae,
2021 2670 2313 2769 insuper
2357 2685 2426 2743 et

312 2785 545 2857 libros
591 2810 675 2857 ac
723 2785 1188 2858 sacerdotalia
1232 2784 1652 2857 indumenta
1680 2842 1698 2878 ‚
1749 2810 1841 2857 ne
1881 2784 2228 2857 haberent
2275 2810 2430 2857 mo-
2481 2788 2484 2791 ’

313 2900 529 2973 nachi
560 2899 755 2973 unde
780 2906 933 2974 Deo
960 2902 1329 2991 servirent,
1354 2901 1809 3000 arripuerunt
1838 2928 1854 2971 :
1879 2900 2090 2972 nobis
2117 2926 2204 2973 ex
2229 2915 2427 2999 parte

313 3027 548 3088 vestra
587 3015 1133 3089 reclamantibus
1174 3030 1472 3114 propter
1508 3039 1757 3087 eorum
1804 3014 2373 3088 inobedientiam
2397 3069 2416 3107 ‚

316 3129 525 3202 altius
580 3132 789 3203 solito
838 3147 1340 3219 cantaverunt,
1386 3129 1618 3202 donec
1663 3144 1735 3202 et
1783 3124 2121 3203 dominus
2176 3156 2297 3203 rex
2355 3146 2429 3204 et

318 3270 571 3318 omnes
597 3247 724 3344 qui
753 3247 1077 3337 aderant,
1116 3261 1265 3319 tam
1297 3245 1536 3317 clerici
1556 3269 1774 3342 quam
1805 3244 1990 3335 laici,
2028 3270 2277 3319 eorum
2304 3245 2426 3317 ad-

318 3360 556 3433 mirati
598 3363 971 3453 insaniam,
1020 3375 1533 3460 represserunt.
1585 3364 1772 3432 Cum
1818 3377 2062 3435 autem
2099 3362 2425 3460 sequenti

316 3474 433 3547 die
455 3478 775 3551 mandati
805 3480 1021 3551 vestri
1050 3476 1569 3576 plenitudinem
1610 3476 2002 3567 audissent,
2050 3478 2124 3547 in
2163 3476 2423 3573 iniqui-

309 3603 455 3663 tate
481 3616 606 3664 sua
638 3607 710 3665 et
734 3592 1233 3666 inobedientiae
1264 3591 1562 3664 audacia
1586 3592 2190 3689 permanserunt¹.

398 3849 457 3908 1.
488 3848 577 3906 Ex
605 3846 843 3921 chesn„
870 3849 969 3919 1V,
1001 3848 1137 3907 51⁵5.
1170 3876 1250 3892 -
1269 3846 1405 3906 Ber.
1431 3848 1629 3923 gallic.
1653 3848 1938 3918 scriptor„
1973 3843 2101 3917 XV,
2128 3842 2265 3903 526.

2121 4406 2195 4463 18
