3275 5317
898 392 1013 449 396
1330 388 1658 447 u-:uvnss
1695 370 2124 445 commi-s
2161 386 2262 443 DF.
2301 387 2569 448 susan.

894 537 1075 595 nutu
1138 518 1662 593 ordinabantur
1729 516 2054 589 abbates.
2115 515 2400 614 Absque
2481 518 2622 589 ulla
2699 520 2982 610 invidia,

894 640 1045 710 sine
1068 636 1333 709 rubore
1363 634 1607 732 aliquo
1630 634 1696 705 ei
1729 630 2230 705 subdebantur
2255 633 2596 731 episcopi,
2627 637 2696 707 ei
2733 634 2986 708 defere-

892 751 1095 841 bant,
1126 752 1189 823 ei
1224 750 1596 849 parebant.
1638 750 1740 821 Eo
1779 761 2084 819 vocante
2121 746 2668 839 conveniebant,
2717 750 2988 847 quando

890 866 1271 939 dimisisset
1291 867 1364 938 in
1400 889 1524 937 sua
1556 862 2018 951 recedebant,
2057 862 2446 959 gaudentes
2475 863 2680 962 quod
2710 865 2787 936 in
2818 865 2984 937 clero

892 982 1051 1054 talis
1086 980 1330 1054 fuisset
1363 982 1720 1068 inventuS,
1753 978 1878 1076 qui
1917 978 2395 1073 regnicuram
2440 1004 2628 1050 unus
2677 1004 2815 1077 pro
2855 1004 2986 1053 om·

890 1096 1103 1169 nibus
1132 1098 1478 1169 sustinere
1509 1093 1892 1167 sufficeret.

984 1216 1219 1283 Tantae
1280 1212 1496 1307 igitur
1549 1210 1700 1307 ejus
1777 1210 2116 1307 probitati
2197 1222 2268 1281 et
2329 1225 2544 1282 tantae
2613 1210 2985 1309 prudentiae

890 1351 1215 1398 summus
1244 1322 1872 1419 congratulabatur
1913 1324 2232 1396 Pontifex
2273 1351 2289 1395 :
2331 1323 2513 1397 adeo
2543 1340 2628 1399 ut
2663 1327 2984 1425 quicquid

890 1442 963 1513 in
992 1442 1239 1513 Galliis
1268 1441 1635 1513 decretum
1669 1438 1914 1510 fuisset
1939 1438 2032 1510 ab
2061 1440 2228 1525 istc,
2263 1442 2504 1511 Romae
2523 1454 2772 1513 ratum
2791 1440 2984 1513 habe-

890 1570 1091 1627 retur
1117 1584 1137 1647 3
1178 1570 1251 1626 et
1276 1554 1621 1652 quicquid
1651 1570 1818 1627 ante
1849 1553 2046 1626 hunc
2077 1555 2487 1652 sumpsisset
2517 1556 2836 1649 initium,
2863 1555 2984 1629 illic

888 1670 1116 1744 robur
1178 1672 1557 1769 acciperet.
1630 1672 1814 1741 Huic
1893 1669 2230 1764 singulari
2295 1668 2775 1743 familiaritate
2825 1696 2981 1771 papa

888 1784 1245 1859 scribebat
1274 1786 1655 1879 EugeniuS.
1699 1789 1906 1856 Hunc
1940 1786 2082 1856 suis
2113 1784 2548 1881 frequentet-¹
2575 1784 2986 1859 adhortatio-

889 1900 1103 1974 nibus
1130 1899 1549 1987 roborabat,
1571 1899 1675 1971 nil
1689 1900 1839 1995 jam
1859 1897 1960 1969 illi
1980 1897 2402 1997 imperando
2422 1899 2830 1997 injungens,
2850 1902 2978 1989 sed,

894 2035 974 2091 ut
996 2044 1243 2091 verum
1276 2016 1527 2107 fatear,
1560 2016 1926 2088 humiliter
1957 2014 2364 2090 obsecrans.
2393 2019 2523 2089 Hic
2557 2017 2700 2089 sibi
2735 2016 2986 2091 fiducia·

889 2134 1047 2207 liter
1066 2135 1383 2232 injuncta
1410 2131 1878 2230 adimplebat,
1901 2131 2021 2203 ille
2047 2131 2572 2230 cooperabatur
2591 2136 2990 2206 auctoritate

888 2249 1205 2341 indulta3
1240 2264 1313 2321 et
1356 2274 1516 2346 quae
1548 2252 1788 2319 Romae
1829 2248 2200 2320 terminari
2244 2273 2392 2319 non
2431 2262 2796 2347 poterant,
2829 2272 2988 2345 saepe

886 2368 959 2437 in
996 2366 1197 2438 istius
1222 2364 1587 2463 praesentia
1618 2361 2064 2456 condignum
2091 2363 2336 2434 sortita
2377 2376 2543 2433 sunt
2585 2365 2981 2435 terminum.

884 2481 1223 2578 Quisquis
1271 2478 1520 2575 legerit
1566 2492 1856 2549 mutuas
1900 2476 2188 2548 illorum
2233 2475 2564 2574 epistolas
2619 2492 2698 2549 et
2755 2478 2988 2575 scripta

884 2594 1140 2667 crebro
1204 2594 1698 2683 discurrentia,
1765 2590 1970 2662 facile
2045 2590 2384 2685 intelliget
2447 2607 2724 2687 quanta
2804 2593 2990 2665 fuerit

886 2708 1170 2782 alterius
1220 2708 1411 2808 apud
1466 2706 1773 2780 alterum
1831 2706 2256 2793 reverentia,
2315 2706 2475 2803 quis
2529 2706 2806 2796 honor,
2856 2730 2990 2804 qua.¹

888 2818 1173 2893 fiducia.

982 2933 1253 3007 Deinde
1278 2958 1446 3005 cum
1486 2948 1652 3005 ante
1693 2933 1874 3028 regis
1907 2931 2226 3005 reditum
2261 2933 2670 3030 contigisset
2717 2934 2988 3006 fratrem

886 3045 1109 3118 illius·
1139 3046 1231 3117 de
1280 3044 1787 3141 Hierosolymis
1829 3045 2121 3134 reverti,
2157 3044 2455 3142 quidam
2501 3044 2748 3117 statim
2783 3070 2991 3143 popu·

886 3161 1089 3253 lares,
1112 3160 1237 3259 qui
1274 3159 1365 3231 ad
1398 3184 1584 3233 nova
1618 3160 1823 3233 facile
1861 3160 2339 3249 concitantur,
2367 3175 2718 3258 ceperunt
2753 3186 2988 3233 occur-

884 3302 1069 3370 rere,
1099 3277 1463 3373 vitamque
1496 3276 1601 3348 illi
1647 3300 1811 3348 cum
1850 3276 2156 3374 imperio
2194 3276 2594 3375 imprecari.
2635 3275 2785 3348 Sed
2825 3290 2894 3347 et
2915 3274 2996 3347 de

885 3392 1077 3465 clero
1108 3392 1468 3481 nonnulli,
1506 3392 1679 3489 quia
1713 3416 1915 3463 secus
1942 3416 2163 3487 quam
2209 3390 2472 3465 vellent
2505 3392 2580 3463 in
2627 3414 2862 3487 regno
2891 3390 3000 3461 ali·

884 3532 1027 3606 qua
1058 3506 1347 3598 fierent,
1377 3506 1565 3580 foeda
1602 3506 1706 3579 illi
1737 3520 2079 3604 ceperunt
2107 3503 2521 3579 adulatione
2564 3504 2911 3595 blandiri,
2937 3519 2998 3577 et

881 3623 1079 3695 hunc
1126 3622 1300 3718 regii
1335 3622 1696 3719 sanguinis
1737 3620 1998 3693 fiducia
2047 3621 2139 3694 ad
2187 3620 2513 3717 quaedam
2549 3620 2804 3693 illicita
2845 3622 2996 3693 inci·

883 3748 1035 3807 tare
1072 3759 1090 3806 ε
1134 3756 1447 3831 quorum
1504 3734 1624 3807 hic
1670 3735 1966 3806 nomina
2021 3732 2288 3807 idcirco
2335 3732 2882 3833 supprimimus,
2917 3755 2997 3803 ne

961 4027 1024 4084 1.
1053 4026 1397 4100 Frequenter
1419 4021 1583 4082 deest
1606 4020 1670 4080 in
1697 4020 1795 4084 ed.
1833 4017 2068 4081 baronis
2089 4018 2166 4081 de
2187 4016 2430 4081 Aitolia.

962 4120 1023 4175 2.
1052 4120 1313 4175 Fratrem
1336 4124 1461 4191 ejus
1484 4114 1582 4176 ed.
1610 4114 1741 4178 bar.
1767 4112 1841 4173 de
1869 4112 2106 4175 Aitolia.
2135 4111 2244 4171 Hic
2267 4123 2354 4172 est
2381 4108 2696 4171 Robertus.
