3275 5317
750 573 852 632 nr:
891 573 989 630 LA
1030 559 1583 633 CONSECRATION
1622 574 1724 631 DE
1767 574 2261 636 SArNT-DENIS.
2452 577 2569 635 223

445 731 611 779 rum
638 705 1069 802 intersigniis
1094 719 1507 778 constanter
1535 707 1856 797 anima-ti,
1893 706 1984 777 ad
2001 708 2275 807 praefati
2306 709 2572 806 perfec-

446 825 719 896 tionem
764 819 1044 894 aedificii
1104 821 1452 894 instanter
1508 836 1973 922 properantes
1992 877 2011 912 ‚
2061 823 2434 920 quomodo
2499 838 2573 897 et

444 939 712 1037 quibus
744 938 1094 1036 personiS,
1128 952 1199 1010 et
1230 937 1429 1035 quod
1459 937 1672 1010 valde
1695 937 2112 1010 solemniter
2134 941 2290 1011 Deo
2345 939 2572 1012 omni-

444 1054 728 1154 potenti
758 1069 1297 1128 consecraretur
1314 1052 1817 1150 deliberantes,
1845 1055 2072 1129 accito
2109 1055 2390 1151 egregio
2411 1054 2568 1127 viro

450 1173 560 1241 Hu
566 1193 757 1264 gone
788 1168 1348 1264 Rothomagensi
1377 1167 1913 1268 archiepiscopo
1929 1223 1948 1260 ‚
1983 1184 2056 1241 et
2086 1168 2240 1242 aliis
2269 1192 2566 1241 venera—

445 1283 711 1356 bilibus
742 1285 1095 1384 episcopis
1120 1339 1141 1377 ,
1177 1283 1433 1356 Odone
1482 1285 1916 1378 Belvacensi,
1957 1289 2171 1356 Petro
2209 1284 2568 1356 Silvanec-

444 1401 653 1491 tensi‚
697 1399 791 1473 ad
835 1399 915 1473 id
944 1399 1435 1500 peragendum
1492 1399 1996 1473 multimodam
2043 1397 2359 1493 laudem,
2419 1423 2573 1471 ma-

446 1540 732 1614 gnoque
746 1514 1187 1590 diversarum
1206 1539 1677 1614 personarum
1703 1514 2364 1607 ecclesiasticarum,
2395 1514 2566 1586 cleri

444 1646 517 1702 et
560 1632 815 1731 populi
866 1633 1179 1704 maximo
1240 1647 1631 1724 conventu,
1682 1631 2262 1706 decantabamus.
2315 1631 2458 1719 Qui
2492 1630 2565 1702 in

442 1746 685 1820 medio
734 1748 907 1820 novi
954 1748 1378 1820 incrementi
1418 1749 1740 1846 priorem
1796 1750 1870 1820 in
1921 1747 2332 1821 consistenti
2365 1745 2565 1818 dolio

441 1861 949 1936 benedicentes
992 1887 1279 1960 aquam,
1326 1886 1457 1961 per
1498 1864 1894 1936 oratorium
1935 1865 2158 1938 sancti
2208 1860 2566 1935 Eustachii

444 2003 615 2050 cum
648 1979 1100 2076 processione
1141 1993 1475 2051 exeuntes
1505 2004 1635 2078 per
1664 1978 1976 2079 plateam
2017 2004 2174 2078 quae
2208 1980 2558 2070 Panteria,

446 2119 536 2168 eo
561 2091 758 2192 quod
788 2095 969 2168 inibi
1006 2095 1250 2166 omnia
1292 2094 1643 2193 emptioni
1676 2112 1748 2169 et
1770 2095 2169 2168 venditioni
2205 2109 2558 2182 teruntur,
2655 2135 2662 2142 -

442 2209 833 2306 antiquitus
888 2211 1259 2302 vocitatur,
1316 2234 1447 2309 per
1483 2210 1725 2302 aliam,
1767 2235 1928 2308 quae
1982 2211 2059 2281 in
2109 2233 2312 2282 sacro
2347 2209 2562 2280 cime-

440 2326 625 2398 terio
670 2327 1016 2424 aperitur,
1066 2350 1325 2398 aeream
1350 2342 1637 2424 portam
1661 2341 2120 2420 revertentes,
2169 2326 2245 2397 in
2283 2338 2561 2399 aeternae

434 2440 961 2514 benedictionis
1008 2458 1079 2514 et
1136 2443 1561 2515 sanctissimi
1619 2441 2021 2514 chrismatis
2083 2439 2552 2534 delibutione,

436 2559 589 2630 veri
660 2559 979 2656 corporis
1042 2573 1113 2630 et
1182 2557 1541 2653 sanguinis
1604 2558 1869 2630 summi
1929 2555 2285 2656 pontificis
2355 2559 2558 2629 Jesu-

436 2673 699 2747 Christi
734 2673 1197 2766 exhibitione,
1234 2670 1576 2771 quicquid
1605 2687 1806 2744 tanto
1835 2687 1903 2744 et
1937 2687 2088 2744 tam
2111 2686 2357 2744 sancto
2389 2695 2562 2742 con-

434 2792 632 2862 venit
678 2788 982 2862 aedificio
1023 2788 1477 2862 devotissime
1522 2786 2068 2886 compleverunt
2101 2815 2116 2858 ε
2161 2786 2556 2886 pulcherri-

435 2928 641 2978 mum
686 2921 759 2977 et
804 2904 1119 3000 angelica
1168 2903 1537 2975 mansione
1580 2903 1881 2998 dignum
1934 2902 2260 3000 superius
2317 2915 2557 2973 orato·-

434 3021 655 3113 rium,
681 3021 757 3093 in
788 3021 1068 3092 honore
1095 3035 1351 3092 sanctae
1383 3018 1517 3090 Dei
1548 3018 1925 3090 Genitricis
1956 3041 2240 3116 semper
2269 3017 2555 3112 virginis

432 3139 695 3228 Mariae,
761 3151 833 3207 et
885 3137 1107 3208 sancti
1172 3133 1533 3207 Michaelis
1586 3132 2026 3230 archangeli,
2083 3131 2554 3229 omniumque

433 3254 864 3348 Angelorum
882 3307 901 3343 ,
952 3251 1177 3324 sancti
1229 3250 1535 3323 Romani
1582 3248 1856 3322 ibidem
1902 3249 2333 3347 quiescentis
2379 3247 2554 3319 alio-

434 3391 745 3466 rumque
788 3365 1188 3440 multorum
1232 3381 1671 3458 εωιοῐοωηι,
1725 3389 2042 3463 quorum
2101 3362 2202 3434 ibi
2259 3363 2556 3433 nomina

436 3482 853 3556 subtitulata
919 3481 1281 3555 habentur
1299 3536 1320 3574 ,
1387 3480 1838 3572 dedicantes3
1901 3478 2193 3551 inferius
2239 3501 2414 3549 vero
2473 3477 2550 3548 in

433 3597 686 3671 dextro
717 3597 937 3671 latere
964 3600 1357 3672 oratorium
1387 3597 1462 3668 in
1487 3597 1768 3669 honore
1805 3594 2027 3667 sancti
2053 3591 2552 3664 Bartholomaei

428 3713 972 3812 multorumque
1014 3713 1321 3786 aliorum
1352 3727 1808 3800 sanctorum;
1846 3709 1921 3780 in
1955 3707 2240 3780 sinistro
2275 3720 2544 3799 autem,

430 3829 558 3901 ubi
590 3846 875 3903 sanctus
902 3830 1341 3928 requiescere
1368 3825 1791 3927 perhibetur
1827 3821 2258 3922 HippolituS,
2295 3838 2550 3894 orato-

428 3945 621 4018 rium
682 3947 758 4018 in
814 3946 1089 4019 honore
1146 3945 1466 4042 ejusdem
1527 3957 1599 4014 et
1662 3953 2075 4012 sanctorum
2138 3939 2542 4030 Laurentii,

426 4061 627 4152 sixti,
669 4060 1106 4154 Felicissimi,
1155 4059 1457 4159 Agapiti,
1508 4056 1954 4153 aliorumque
1994 4053 2414 4147 multorum,
2454 4052 2548 4124 ad

426 4175 719 4248 laudem
758 4193 830 4249 et
852 4177 1147 4270 gloriam
1172 4176 1305 4248 Dei
1329 4171 1864 4270 omnipotentis.
1899 4173 2043 4242 Nos
2068 4185 2310 4244 autem
2333 4183 2546 4243 tantae

424 4290 953 4364 benedictionis
1010 4316 1147 4390 pro
1199 4289 1435 4362 fructu
1500 4287 1808 4385 impensi
1870 4285 2138 4360 laboris
2177 4286 2308 4358 Dei
2348 4284 2543 4358 dono
