3275 5317
867 588 1398 663 ’ninomNAeEs
1437 604 2083 665 CONTEMPORAINS.
2416 606 2533 663 ms

509 739 720 804 Massa
746 736 962 803 valens
986 734 1167 825 operi
1195 734 1284 801 sic
1315 734 1734 801 conveniebat
1768 736 2041 823 utrique,

597 842 686 905 Ut
703 840 806 906 vel
826 855 1042 930 posset
1063 841 1286 916 homo,
1325 836 1420 902 vel
1447 838 1622 903 Deus
1652 835 1799 902 hino
1830 836 2003 920 fieri3

506 940 905 1030 Fecissetque
934 943 1141 1006 Deum
1166 942 1325 1019 Dea,
1353 942 1424 1005 ni
1449 937 1663 1030 superi
1696 938 2071 1022 vetuissent,

593 1044 884 1127 Quorum
903 1043 1167 1109 consilio
1195 1041 1370 1133 quod
1395 1040 1543 1107 facit
1575 1066 1767 1107 omne
1790 1040 1967 1106 facit.

506 1146 898 1214 Pel-timuere
917 1147 1202 1237 quidem,
1233 1170 1315 1211 ne
1340 1144 1389 1211 si
1417 1162 1588 1211 totus
1615 1146 1786 1211 Deus
1819 1168 2005 1225 essee,

591 1249 992 1339 Deprimeres
1024 1248 1182 1315 alios
1203 1248 1363 1313 mira
1393 1248 1716 1338 patrando
1747 1249 1941 1314 Deos·

503 1351 748 1418 Invidia
771 1368 986 1417 tamen
1013 1360 1310 1441 superum
1344 1348 1688 1439 permixtus
1715 1364 2011 1440 utroque,

589 1453 856 1519 Semivir
882 1451 1171 1529 efficta-ia,
1207 1450 1649 1541 semideusque
1669 1451 1879 1518 simul.

497 1555 849 1621 Dimidium
877 1578 1104 1621 massae
1131 1568 1342 1620 tecum
1366 1553 1647 1619 retinens
1678 1552 1744 1617 in
1772 1570 2071 1644 utroque,

586 1660 720 1723 Nee
746 1660 843 1722 vir
875 1681 942 1723 es
971 1659 1212 1744 absque
1237 1658 1401 1735 Dee,
1428 1678 1548 1721 neo
1578 1657 1751 1721 Deus
1774 1657 2011 1745 absque
2040 1657 2204 1724 viro.

496 1758 593 1823 Ex
621 1757 745 1824 alio
776 1758 990 1824 divina
1017 1761 1194 1848 cupis
1221 1757 1563 1845 divinaque
1589 1773 1843 1836 tractas,

583 1860 666 1924 Et
697 1882 837 1947 quae
861 1876 1008 1924 sunt
1029 1858 1310 1925 hominis
1335 1857 1583 1948 perficis
1615 1882 1690 1923 ex
1720 1856 1868 1924 alio.

494 1960 608 2024 Est
631 1982 712 2025 ex
739 1960 952 2025 divina
977 1974 1231 2039 natura,
1259 1958 1434 2049 quod
1461 1960 1578 2024 tibi
1607 1959 1799 2025 coelos

582 2062 1030 2149 Coelorumque
1065 2062 1232 2125 Deos
1259 2060 1470 2149 pingis
1501 2059 1573 2147 in·
1601 2060 1892 2127 eeclesia.

491 2157 609 2223 Est
633 2180 713 2223 ex
739 2157 1044 2235 humana,
1074 2155 1247 2246 quod
1272 2178 1540 2246 regnum
1569 2157 1855 2247 protegis
1882 2158 2098 2239 armis,

583 2260 992 2349 Augeturque
1023 2256 1146 2323 tuis
1169 2256 1426 2347 publiea
1453 2279 1554 2321 res
1578 2255 1826 2323 studiis.

487 2362 574 2427 Et
600 2385 772 2427 nunc
793 2358 1108 2427 semideus
1133 2359 1198 2424 in
1234 2358 1472 2448 templo
1497 2358 1716 2425 coelioa
1747 2375 2005 2441 tractas,

576 2465 763 2531 Nunc
783 2465 882 2529 vir
914 2464 980 2527 in
1007 2460 1179 2527 hello
1210 2459 1402 2525 sortia
1429 2460 1590 2525 faeta
1619 2460 1808 2550 geris.

485 2566 588 2631 Sic
612 2566 893 2630 hominis
915 2584 1295 2650 causamque
1321 2562 1439 2626 Dei
1465 2560 1807 2627 moderans
1836 2560 1899 2625 in
1930 2577 2225 2653 utroque,

570 2670 662 2733 Ut
689 2692 790 2733 res
815 2666 924 2733 illa
950 2668 1088 2731 Deo
1111 2684 1446 2755 congruat,
1480 2666 1615 2731 haec
1646 2665 1919 2731 homini.

485 2770 613 2853 Qui
641 2771 796 2835 dum
823 2772 1216 2834 Francorum
1245 2768 1518 2857 populos
1547 2792 1697 2832 cum
1726 2792 1875 2857 rege
1907 2772 2249 2859 gubernem,

571 2872 725 2937 Post
750 2895 966 2961 regem
1000 2870 1180 2959 quasi
1209 2892 1316 2935 rex
1342 2887 1586 2960 sceptra
1617 2871 1890 2936 secunda
1918 2887 2119 2939 tenea.

481 2976 615 3039 Nec
637 2997 944 3064 magnum
977 2972 1322 3061 quidquam
1342 2973 1478 3038 sine
1504 2990 1568 3039 te
1598 2997 1711 3038 rex
1736 2972 1986 3063 perficit
2013 3000 2321 3065 unquam,

569 3080 704 3147 Nee
731 3078 1082 3168 quidquam
1109 3102 1409 3168 magnum
1439 3098 1506 3144 tu
1530 3080 1668 3145 sine
1693 3103 1846 3169 rege
1882 3079 2065 3147 facia.

478 3190 684 3254 Tanta
716 3184 970 3251 duobus
982 3184 1163 3253 jnest
1188 3186 1372 3251 vobis
1407 3185 1751 3252 eoncordia
1774 3186 1945 3267 facti,

566 3290 656 3354 Ut
674 3304 896 3353 neuter
926 3285 1094 3352 facto
1124 3288 1442 3377 discrepet.
1462 3288 1745 3358 alterius.

479 3391 658 3457 Alter
687 3392 753 3455 in
774 3388 1031 3455 alteriue
1057 3390 1148 3455 sie
1175 3407 1271 3457 est
1297 3390 1624 3459 devinctus
1651 3419 1897 3483 amore,

565 3491 844 3556 Alterius
867 3492 1041 3579 quasi
1071 3512 1184 3556 cor
1209 3490 1483 3581 pendeat
1507 3516 1586 3558 ex
1620 3495 1773 3564 alio.

478 3592 764 3682 Denique
791 3594 998 3657 Roma
1029 3609 1284 3682 potem,
1316 3596 1414 3659 cui
1445 3610 1616 3661 totus
1648 3595 1919 3665 flectitur
1950 3601 2151 3677 orbis,

564 3694 791 3761 Flectit
811 3693 893 3758 ad
921 3694 1301 3783 obsequium
1333 3694 1494 3759 colla
1523 3700 1802 3784 superba
1823 3716 2036 3784 tuum3

472 3798 607 3864 Nee
631 3797 774 3887 plus
799 3795 1153 3861 Coesaribus
1178 3796 1396 3883 magni
1421 3796 1717 3863 coneedit
1738 3802 2006 3866 honoris

560 3901 768 3982 Quam
797 3895 936 3980 tibi,
964 3899 1246 3962 Caesariis
1273 3896 1356 3961 sit
1382 3895 1529 3961 lieet
1557 3915 1744 3965 aucta
1774 3902 1981 3968 bonis,

474 4002 577 4067 Ad
604 4016 834 4065 nutum
861 3998 1015 4087 ligat
1038 3998 1142 4063 illa
1172 4015 1380 4077 tuum,
1407 3998 1724 4090 solvitque
1752 4021 2117 4085 nocentem,

558 4102 644 4166 Et
675 4123 866 4191 quem
891 4098 1198 4187 justificas
1225 4124 1358 4165 non
1378 4099 1530 4165 sinit
1555 4125 1692 4169 esse
1714 4128 1923 4171 reum.

469 4206 793 4295 Quodque
819 4206 943 4272 tuis
963 4205 1163 4272 titulis
1191 4206 1457 4286 aceedit,
1492 4208 1807 4297 quidquid
1841 4210 1906 4276 in
1933 4212 2095 4277 urbe

558 4308 846 4387 lasseris,
874 4308 1180 4374 infectum
1208 4332 1338 4373 non
1366 4309 1535 4375 valet
1551 4332 1691 4375 esse
1720 4310 1855 4376 diu.
