3275 5317
839 591 912 647 18
1271 586 1600 645 OEuvnsss
1639 573 2067 644 COMPLETES
2107 587 2207 643 m:
2248 586 2518 645 sUGER.

818 718 1130 815 juveniS,
1172 742 1392 815 quam
1428 715 1520 789 ad
1547 740 1743 789 arma
1773 740 2085 808 currere,
2121 740 2289 788 cum
2320 718 2563 816 paucis
2598 740 2780 815 quos
2810 743 2937 817 po-

830 833 964 905 tuit
999 834 1473 923 retrocedere,
1511 856 1803 927 murum
1831 856 1905 903 se
1949 856 2085 929 pro
2111 831 2675 930 praecedentibus
2704 858 2935 931 oppo-

825 973 1022 1039 nere,
1061 974 1240 1047 saepe
1265 948 1536 1047 percuti
1569 963 1644 1020 et
1688 972 1868 1046 saepe
1892 962 2263 1045 percutere
2294 948 2324 1017 Ξ)
2350 953 2618 1021 Verum
2646 949 2775 1020 etsi
2803 950 2929 1041 illi,

824 1063 1088 1161 quibus
1115 1064 1578 1161 pereuntibus
1601 1069 1622 1104 ¹
1651 1065 1803 1163 ipse
1832 1088 2083 1136 murus
2114 1080 2289 1157 erat,
2323 1064 2563 1161 quiete
2594 1079 2668 1136 et
2688 1089 2933 1138 secure

824 1193 1213 1277 potuerunt
1245 1178 1507 1274 fugere,
1547 1194 1814 1268 tamen,
1852 1179 2019 1276 quia
2058 1178 2268 1250 multi
2300 1180 2639 1274 gregatim
2683 1193 2754 1250 et
2795 1178 2939 1251 dis-

824 1319 1026 1392 perse
1055 1293 1306 1393 prooul
1348 1293 1438 1365 ab
1469 1318 1555 1365 eo
1582 1293 1972 1389 fugiebant,
2004 1292 2215 1374 multi
2246 1293 2338 1366 ab
2387 1292 2715 1367 hostibus
2747 1296 2935 1392 capti

821 1423 1014 1480 sunt.
1071 1412 1258 1481 Inter
1319 1433 1499 1505 quos
1549 1407 2005 1480 excellentior
2050 1422 2297 1505 captus
2348 1407 2484 1480 fuit
2531 1410 2681 1506 ipse
2726 1413 2933 1505 Hugo

821 1524 1449 1614 ClaromontensiS,
1500 1539 1570 1594 et
1623 1522 1863 1595 Guido
1910 1523 2454 1595 silvanectensis
2479 1575 2499 1615 ,
2550 1524 2934 1596 Herluinus

821 1639 1251 1729 Parisiensis,
1286 1654 1360 1710 et
1387 1637 1678 1711 obscuri
1708 1638 2022 1710 nominis
2050 1637 2510 1736 quamplures
2535 1640 2832 1735 gregarii
2860 1655 2934 1712 et

818 1751 1162 1851 pedestris
1198 1754 1544 1826 exercitus
1565 1752 1795 1828 multi.
1836 1758 1986 1826 Hac
2012 1754 2224 1849 igitur
2254 1753 2611 1825 lacessitus
2641 1755 2927 1851 injuria,

820 1882 1089 1965 quanto
1120 1868 1322 1941 rudis
1374 1883 1446 1940 et
1501 1868 1787 1963 ignarus
1822 1868 2196 1939 infortunii
2240 1866 2657 1964 hujusmodi
2689 1868 2930 1942 hacte-

819 2007 955 2054 nus
988 1981 1242 2077 fuerat,
1298 1998 1498 2055 tanto
1544 2007 1712 2055 cum
1754 1984 2057 2054 Parisius
2082 1987 2104 2021 ²
2132 1982 2431 2055 redisset
2478 1983 2660 2056 moti
2710 1984 2932 2056 animi

817 2096 1196 2170 insolentia
1241 2097 1784 2190 intumescebat,
1830 2114 1928 2191 et,
1984 2113 2065 2169 ut
2114 2099 2265 2195 ejus
2314 2100 2538 2171 aetatis
2584 2122 2743 2171 mos
2791 2114 2924 2191 est,

815 2211 877 2283 si
909 2227 1148 2284 tamen
1179 2215 1268 2286 sit
1307 2213 1655 2286 imitativa
1679 2215 1702 2251 ⁸
1729 2212 2133 2311 probitatiS,
2170 2229 2414 2287 movet
2448 2228 2521 2286 et
2552 2228 2921 2286 movetur:

817 2341 889 2399 et
949 2342 1032 2399 ut
1089 2329 1234 2401 cito
1282 2328 1617 2426 injuriam
1668 2328 2052 2402 ulciscatur
2084 2345 2499 2421 exaestuanS,
2539 2329 2931 2402 undecum-

817 2468 958 2539 que
1021 2445 1377 2543 triplicato
1408 2447 1431 2483 ⁸
1479 2446 1793 2519 exercitu
1856 2446 2195 2541 sagaciter
2242 2471 2442 2543 aeque
2486 2461 2569 2517 ut
2614 2445 2928 2543 pruden-

820 2571 948 2649 ter,
1023 2558 1278 2631 crebro
1346 2561 1737 2656 ingeminat
1788 2561 2091 2658 suspirio
2108 2615 2127 2653 ,
2203 2559 2571 2634 decentius
2617 2577 2925 2634 mortem

816 2698 1034 2770 quam
1073 2674 1573 2748 verecundiam
1613 2677 1984 2748 sustinere.
2054 2675 2272 2763 Quod
2313 2701 2481 2748 cum
2528 2676 2929 2750 amicorum

817 2786 1159 2861 relatione
1208 2790 1671 2887 comperisset
1727 2816 1967 2862 comes
2010 2791 2408 2884 MatthaeuS,
2460 2808 2539 2864 ut
2592 2808 2744 2865 erat
2787 2793 2925 2865 ele-

819 2927 990 2999 gans
1019 2904 1128 2975 vir
1157 2918 1229 2973 et
1263 2903 1557 2995 facetuS,
1591 2904 1968 3001 impatiens
1998 2906 2443 2979 verecundiae
2471 2906 2926 2981 accidentalis

818 3018 1094 3091 domini
1146 3017 1281 3107 sui,
1318 3018 1795 3116 multiplicato
1836 3021 2325 3115 intercessore,
2377 3024 2567 3095 viam
2596 3026 2789 3120 pacis
2819 3026 2926 3095 af-

819 3134 1079 3206 fectare
1113 3156 1570 3231 summopere
1604 3133 1999 3233 investigat.
2042 3138 2260 3211 Multa
2302 3137 2707 3232 dulcedine,
2746 3140 2929 3212 mul—

813 3247 906 3321 tis
939 3246 1443 3321 blandimentis
1469 3249 1791 3323 animum
1814 3252 2204 3347 juvenilem
2252 3253 2655 3327 demulcere
2688 3254 2927 3328 elabo-

813 3379 927 3437 rat
949 3364 1116 3436 satis
1137 3365 1640 3437 convenienter
1664 3391 1680 3435 :
1710 3367 1905 3438 nulla
1930 3366 2071 3440 hoc
2092 3368 2356 3441 factum
2385 3368 2919 3461 deliberatione,

815 3478 942 3553 sed
985 3504 1070 3551 ex
1102 3480 1542 3574 contingenti
1583 3480 1950 3574 accidisse,
1986 3481 2324 3580 injuriam
2358 3501 2668 3577 excusat,
2706 3511 2925 3585 seque

809 3618 1124 3694 pronum
1188 3594 1282 3665 ad
1320 3594 1472 3691 ejus
1539 3612 1799 3669 nutum
1854 3597 2313 3671 satisfactioni
2370 3616 2745 3697 praesentat
2765 3656 2783 3673 .
2836 3606 2919 3673 In

891 3820 949 3880 1.
991 3821 1374 3881 Proeeuntibus
1411 3820 1526 3901 legi
1573 3820 1775 3881 volunt
1812 3822 2195 3899 Benedictini,
2237 3825 2372 3885 licet
2411 3826 2667 3887 abnuant
2715 3846 2921 3889 omnes

805 3910 1053 3972 codices.

887 4005 948 4063 2.
991 4010 1246 4064 Parisios
1266 4006 1362 4065 ed.
1391 4008 1590 4067 Germ.

886 4098 946 4155 3.
990 4100 1334 4169 Innatativa,
1359 4096 1532 4171 male,
1567 4102 1784 4158 12710.
1809 4132 1891 4147 —-
1918 4104 2203 4159 Mutativa
2236 4103 2372 4162 edd.
2410 4105 2609 4163 Germ.
2640 4116 2699 4165 et
2730 4106 2913 4166 Ches-

803 4190 904 4263 nii,
935 4190 1036 4269 qui
1061 4188 1124 4253 in
1151 4198 1339 4253 textus
1360 4190 1622 4269 margine
1648 4192 1847 4275 adjicit
1875 4202 2171 4259 imitativa.

883 4286 940 4345 4.
983 4290 1369 4361 E-rtriplicato
1396 4290 1610 4347 12710.
