3275 5317
880 604 997 660 242
1315 600 1645 657 OEuvnsss
1683 580 2108 654 comantes
2142 598 2242 653 m:
2285 598 2546 655 suone.

881 732 1059 805 tioni
1094 745 1337 806 vestrae
1368 731 1707 802 attentius
1736 729 2350 819 commendanteS,
2388 728 2554 825 quia
2583 726 2748 826 plus
2785 726 3010 798 solito

877 862 1059 944 eget,
1094 860 1173 918 ut
1203 846 1366 943 plus
1394 844 1606 916 solito
1640 844 2077 916 subveniatis
2099 843 2194 915 ad
2216 867 2547 943 praesenS,
2575 841 3008 941 suppliciter

880 962 1257 1059 poscimus.
1314 964 1495 1031 Cum
1540 961 1732 1031 enim
1781 958 2173 1031 venerandi
2234 974 2453 1030 status
2511 956 2894 1029 nobilitate
2939 970 3010 1026 et

882 1076 1147 1147 famosa
1188 1072 1531 1145 doctrinae
1586 1074 1914 1173 lampade
1959 1074 2306 1148 hactenus
2366 1074 2631 1146 clarere
2692 1096 3008 1143 consue-

881 1191 1083 1277 verit,
1110 1190 1185 1261 in
1220 1187 1501 1259 defectu
1527 1203 1948 1287 personatus
1971 1187 2280 1260 decaniae
2299 1186 2636 1259 vacillans
2655 1188 3002 1281 graviter,

880 1305 941 1377 si
982 1328 1130 1376 non
1175 1304 1238 1374 ei
1278 1303 1766 1395 subveniatur,
1807 1304 2166 1376 declinare
2209 1303 2516 1376 festinat.
2561 1304 2745 1374 Cum
2803 1304 3010 1373 enim

882 1418 1008 1516 qui
1069 1418 1249 1489 alios
1290 1417 1620 1491 doctrina
1659 1434 1733 1491 et
1769 1419 1932 1491 vitae
1976 1419 2303 1518 exemplo
2342 1416 2748 1516 praecedere
2779 1416 3006 1488 debet

882 1534 1097 1605 etiam
1152 1534 1351 1630 sequi
1409 1534 1704 1625 nesciat,
1751 1533 2073 1633 profecto
2118 1532 2573 1605 subditorum
2625 1530 3004 1629 disciplina

880 1673 1010 1747 per
1053 1648 1206 1744 ejus
1250 1648 1597 1720 inscitiam
1647 1672 1690 1721 a
1744 1649 2088 1722 doctrinae
2139 1664 2212 1721 et
2262 1648 2660 1748 prudentiae
2711 1648 3006 1720 tramite

879 1760 1259 1835 exorbitat.
1300 1766 1510 1854 Sane,
1546 1788 1714 1835 cum
1747 1764 1820 1835 in
1850 1764 2091 1835 Galliis
2121 1778 2350 1836 vestra
2386 1768 2535 1835 Deo
2569 1778 2646 1835 et
2679 1762 3006 1834 homini-

878 1876 1019 1949 bus
1068 1893 1263 1973 grata
1328 1878 1725 1952 frueremur
1784 1881 2180 1979 praesentia,
2247 1894 2615 1975 assumpto
2675 1878 3002 1975 ejusdem

881 1992 1189 2064 ecclesiae
1246 1992 1523 2065 decano
1584 1998 1688 2069 B.¹
1760 1997 1833 2067 in
1893 1997 2310 2095 episcopum
2373 1994 2994 2083 Catalaunensem,

876 2122 1175 2206 propter
1201 2107 1644 2181 diversarum
1676 2112 1986 2209 partium
2017 2111 2425 2183 parisiensis
2449 2110 2748 2208 capituli
2777 2109 2998 2181 disso-

878 2224 1224 2315 nantiam,
1263 2226 1389 2321 qui
1425 2225 1689 2298 crebro
1732 2226 2049 2298 localiter
2085 2226 2588 2299 convenientes
2624 2226 2700 2296 in
2745 2248 2998 2321 accep—

878 2338 1073 2411 tione
1114 2338 1435 2436 ejusdem
1486 2365 1810 2438 personae
1863 2342 1938 2412 in
1991 2339 2346 2417 decanum
2397 2341 2786 2413 convenire
2847 2364 2994 2410 non

878 2452 1213 2525 valebant
1236 2508 1255 2545 ,
1314 2480 1357 2525 a
1416 2457 1852 2528 paternitate
1917 2470 2146 2527 vestra
2204 2454 2510 2527 eandem
2569 2454 2998 2526 electionem

878 2569 1329 2641 committere
1364 2567 1898 2645 honestioribus
1928 2570 2250 2670 personis
2292 2568 2616 2667 ejusdem
2659 2569 2998 2657 ecclesiae,

876 2708 1191 2779 quorum
1218 2684 1573 2758 industria
1602 2685 1698 2757 ad
1731 2687 2088 2759 honorem
2125 2686 2256 2757 Dei
2295 2684 2796 2785 pacificaretur
2823 2710 3000 2755 con-

880 2800 1255 2891 troversia,
1283 2800 1709 2873 mandatum
1733 2818 2220 2901 susceperunt.
2240 2803 2409 2893 Qui,
2427 2804 2655 2900 parati
2669 2801 2998 2891 obedire,

878 2928 1189 3009 quatuor
1246 2913 1567 3011 ejusdem
1627 2916 1936 2989 ecclesiae
2002 2917 2387 3005 canonicis,
2442 2939 2758 3013 quorum
2813 2940 3006 2986 unus

877 3027 999 3099 hic
1058 3044 1249 3121 erat,
1305 3028 1485 3100 nihil
1540 3029 1709 3101 mali
1769 3032 1844 3102 in
1895 3034 1996 3103 eis
2051 3046 2172 3103 aut
2225 3030 2316 3103 de
2367 3032 2468 3101 eis
2529 3030 2999 3128 suspicantes,

880 3140 1302 3214 electionem
1370 3146 1910 3218 commiserunt.
1967 3148 2133 3238 Qui,
2170 3146 2370 3244 quod
2421 3145 2640 3217 semel
2687 3146 2884 3217 inter
2933 3170 3006 3215 se

882 3272 1339 3354 susceperant
1380 3274 1574 3332 extra
1653 3286 1726 3331 se
1783 3286 2076 3357 erogare
2125 3277 2526 3333 recusantes
2550 3315 2568 3350 ,
2639 3262 2812 3358 quin
2883 3284 3010 3358 po-

880 3372 1020 3443 tius
1084 3373 1270 3444 inter
1332 3398 1408 3445 se
1462 3378 1872 3466 retinenteS,
1923 3378 2057 3476 ipsi
2109 3376 2304 3448 hunc
2343 3376 2432 3447 de
2474 3376 2806 3448 forsitan²
2873 3374 3010 3445 sibi

876 3488 951 3559 in
1037 3485 1390 3561 decanum
1476 3490 1864 3588 elegerunt.
1954 3496 2184 3591 Super
2260 3516 2408 3591 quo
2484 3490 2691 3563 valde
2756 3490 3008 3561 mirati

877 3626 1147 3695 sumus,
1199 3606 1399 3701 quod
1450 3631 1618 3677 cum
1683 3610 2101 3680 auctoritate
2160 3624 2392 3680 vestra
2453 3622 2760 3705 quatuor
2791 3632 3006 3710 cotn-

876 3718 1093 3788 missa
1134 3719 1347 3792 fuerit
1402 3722 1683 3814 electio,
1741 3724 1797 3795 si
1853 3738 1996 3795 tres
2050 3740 2385 3821 quartum
2435 3725 2824 3819 elegerunt,
2873 3723 3012 3793 mi·

877 3854 1013 3903 nus
1070 3832 1523 3909 obedierunt.
1607 3838 1823 3925 Quod
1879 3839 1937 3908 si
1991 3854 2282 3934 quartus
2327 3864 2494 3910 cum
2543 3837 2694 3910 aliis
2745 3862 2818 3911 se
2871 3836 3016 3909 ele-

876 3946 1003 4042 git,
1036 3952 1479 4024 Patet-nitatis
1504 3968 1756 4025 vestrae
1793 3953 2128 4027 discretio
2171 3953 2445 4026 infinite
2481 3954 2736 4027 melius
2781 3978 3010 4051 quam

878 4086 1011 4133 nos
1055 4068 1415 4161 cognoscit
1452 4068 1629 4165 quid
1670 4068 1941 4141 fecerit.

962 4299 1020 4355 1.
1050 4298 1485 4361 Bau-tholomaeo.
1518 4332 1599 4346 --
1619 4305 1680 4360 2.
1711 4300 1802 4363 Sic
1823 4300 2102 4361 editiones
2125 4321 2348 4362 onmes.
