3275 5317
993 574 1118 631 VIE
1155 574 1257 630 DF.
1295 573 1516 632 Louls
1555 576 1651 633 LE
1690 574 1908 633 GROS.
2426 582 2504 637 25

404 708 566 805 gula
625 706 1079 805 dirupissent,
1141 704 1687 777 exhilarescunt.
1763 705 2181 778 Testabatur
2242 710 2509 808 quippe

399 838 600 923 pater
635 818 778 893 filio
808 818 1199 912 Ludovico,
1230 819 1439 893 nobis
1465 820 1951 912 audientibus,
1988 821 2140 919 ejus
2170 821 2511 919 defatiga-

400 940 600 1011 tione
626 936 1077 1009 acerbissime
1110 952 1513 1032 gravatum:
1558 968 1592 1004 α
1637 940 1802 1033 Age,
1826 938 2181 1034 inquiens,
2220 937 2323 1011 fili
2370 944 2511 1011 Lu-

406 1054 680 1146 dovioe,
718 1078 916 1125 serva
938 1051 1294 1125 excubans
1319 1054 1598 1145 turrim,
1627 1054 1829 1150 cujus
1842 1053 2303 1127 devexatione
2328 1080 2514 1153 pene

404 1168 770 1259 consenui,
794 1168 998 1263 cujus
1025 1166 1200 1239 dolo
1227 1182 1296 1239 et
1327 1165 1778 1241 fraudulenta
1795 1168 2109 1266 nequitia
2142 1192 2515 1267 nunquam

402 1308 650 1385 paoem
681 1282 952 1355 bonam
983 1298 1057 1355 et
1086 1282 1424 1380 quietam¹
1453 1281 1715 1355 habere
1739 1285 1969 1382 potui.
2006 1312 2047 1351 a
2078 1286 2307 1383 Hujus
2346 1284 2511 1358 infi-

405 1401 656 1473 delitas
705 1397 950 1472 fideles
997 1396 1342 1489 infideleS‚
1395 1396 1717 1470 infideles
1760 1399 2282 1473 infidelissimos
2344 1424 2514 1498 pro·

407 1515 722 1606 creabat,
769 1513 1084 1613 perfidos
1124 1515 1450 1586 cominus
1495 1514 1917 1610 eminusque
1963 1514 2509 1616 concopulabat,

408 1633 651 1705 necin
717 1646 874 1703 toto
925 1654 1147 1725 regno
1184 1630 1570 1726 quicquam
1622 1628 1792 1701 mali
1841 1628 2111 1728 absque
2166 1654 2513 1703 consensu

408 1772 662 1820 eorum
692 1761 816 1819 aut
829 1769 1044 1844 opere
1071 1744 1310 1817 fiebat.
1331 1748 1659 1843 Cumque
1689 1744 1967 1818 afluvio
1986 1748 2329 1844 Sequanae
2346 1747 2516 1817 Cur·
2612 1804 2627 1819 .

410 1861 612 1934 bolio
631 1865 686 1950 ¹,
723 1860 964 1933 medio
998 1862 1127 1931 viae
1167 1862 1412 1932 Monte
1447 1860 1747 1951 Leherii,
1796 1884 1839 1932 a
1882 1860 2171 1933 dextera
2216 1858 2515 1932 Castello

410 1978 630 2049 Forti⁸
665 2000 887 2077 pagus
927 1976 1310 2049 Parisiacus
1340 1976 2041 2072 circumcingeretur,
2093 1978 2281 2049 inter
2326 1976 2519 2047 Pari-

413 2092 674 2163 sienses
725 2106 796 2163 et
847 2092 1374 2165 Aurelianenses
1433 2108 1716 2166 tantum
1790 2092 2231 2165 confusionis
2302 2092 2521 2163 chaos

416 2204 774 2278 firmatum
827 2221 1004 2297 erat,
1070 2220 1149 2277 ut
1203 2230 1438 2302 neque
1495 2206 1572 2278 hi
1619 2206 1715 2279 ad
1762 2206 1924 2279 illos
1983 2230 2217 2303 neque
2264 2204 2369 2275 illi
2431 2203 2522 2276 ad

413 2320 610 2413 istos,
647 2320 917 2417 absque
948 2318 1397 2419 perfidorum
1425 2319 1748 2411 arbitrio,
1793 2322 1929 2391 nisi
1972 2323 2045 2392 in
2094 2342 2315 2391 manu
2352 2318 2521 2391 forti

412 2436 724 2508 valerent
797 2450 1256 2506 transmeare.
1315 2438 1585 2507 Verum
1656 2434 1933 2533 praefati
1995 2457 2205 2505 causa
2274 2433 2519 2505 matri-

409 2550 640 2622 monii
681 2573 926 2646 sepem
951 2548 1170 2646 rupit,
1199 2572 1561 2619 accessum
1595 2547 2001 2645 jocundum
2053 2548 2368 2645 utrisque
2408 2573 2519 2621 re-

415 2664 716 2763 paravit.

519 2780 674 2849 Huc
703 2774 995 2847 accessit
1027 2774 1224 2873 quod
1252 2776 1488 2849 Guido
1521 2800 1765 2850 comes
1786 2776 1877 2850 de
1919 2782 2115 2876 Rupe
2145 2778 2391 2868 Forti‘,
2421 2777 2528 2849 vir

415 2893 686 2993 peritus
716 2907 789 2964 et
817 2891 1018 2965 miles
1061 2892 1424 2984 emerituS,
1475 2895 1745 2993 praefati
1788 2894 2137 2966 Guidonis
2193 2892 2521 2965 Trusselli

414 3022 737 3108 patruus,
773 3031 939 3080 cum
972 3006 1064 3079 ab
1104 3008 1358 3080 itinere
1397 3008 2043 3107 Hierosolymitano
2088 3008 2355 3080 famose
2400 3033 2522 3081 co-

413 3125 755 3223 pioseque
787 3123 1104 3214 redisset,
1135 3125 1280 3219 regi
1315 3122 1645 3223 Philippo
1678 3139 2031 3219 gratanter
2066 3122 2375 3197 adhaesit.
2438 3128 2528 3195 Et

419 3242 586 3339 quia
616 3240 902 3337 antiqua
940 3238 1412 3311 familiaritate
1429 3240 1580 3337 jam
1617 3256 1691 3311 et
1719 3238 1859 3311 alia
1887 3239 2041 3311 vice
2070 3239 2221 3335 ejus
2248 3238 2525 3337 dapifer

423 3356 771 3444 extiterat,
805 3369 954 3426 tam
986 3356 1138 3453 ipse
1175 3380 1393 3453 quam
1426 3354 1609 3427 filius
1655 3356 1805 3453 ejus
1842 3353 2179 3426 dominus
2222 3353 2523 3425 Ludovi-

422 3494 550 3544 cus
575 3469 864 3567 agendis
911 3468 1316 3568 reipublicae
1367 3469 1766 3568 dapiferum
1798 3469 2289 3567 praefecerunt,
2326 3481 2410 3538 ut
2452 3481 2523 3538 et

424 3601 732 3661 castrum
743 3586 1335 3686 praenominatum
1349 3587 1608 3660 Montis
1644 3585 1920 3659 Leherii
1936 3584 2274 3682 deinceps
2287 3583 2523 3680 quiete

506 3822 562 3877 1.
608 3820 866 3893 Quietem
895 3818 1034 3876 135.

507 3915 565 3969 2.
615 3910 873 3971 Cur-boile
921 3910 1056 3969 543.
1084 3940 1164 3954 —
1193 3906 1506 3969 Cwbolt'olo
1564 3908 1680 3968 135
1716 3920 1775 3969 et
1821 3908 1917 3968 ed.
1949 3908 2148 3967 Germ.
2174 3938 2255 3953 —
2278 3902 2528 3965 corbolio

427 4004 606 4064 6265.
635 4003 819 4081 Vulgo
849 4002 1083 4064 corbeil.

508 4098 562 4157 3.
599 4096 786 4174 Vulgo
815 4097 1182 4173 Chateaufort
1200 4080 1695 4175 (Scede-ee-oise).

507 4194 565 4250 4.
609 4189 798 4268 Vulgo
825 4190 1115 4266 Bochefort
1141 4185 1631 4269 (Scine-et-oise).
1652 4222 1731 4235 -
1748 4192 1939 4249 Comes
1966 4187 2125 4246 deest
2155 4185 2215 4246 in
2240 4184 2529 4264 cod.135,

423 4280 676 4363 itemque
699 4282 760 4342 in
789 4282 924 4346 edd.
953 4282 1159 4342 Chesn.
1189 4292 1248 4339 et
1275 4280 1475 4345 Germ.
