3275 5317
860 643 975 701 166
1296 640 1625 701 OEuvnns
1664 623 2093 697 COMPOETES
2135 638 2231 695 DE
2271 636 2542 697 suem.

858 777 1022 849 licet
1064 774 1329 848 comite
1355 770 1772 845 Ebroicensi
1812 768 2168 843 Amalrico
2202 770 2296 843 de
2321 775 2562 843 Monte
2589 773 2814 865 Forti,
2847 776 2975 873 Sy-

858 916 1077 965 mone
1124 890 1220 963 de
1269 889 1589 989 Nielpha,
1634 885 1961 960 Ebrardo
1996 885 2088 959 de
2119 885 2306 959 Villa
2338 890 2664 977 Perosa¹,
2701 904 2774 959 et
2826 888 2978 961 aliis

857 1031 1079 1107 quam
1136 1006 1463 1104 plurimis
1483 1059 1502 1096 ,
1567 1006 1644 1077 in
1715 1002 2044 1076 tentoriis
2107 999 2566 1075 demorantes
2590 1056 2609 1093 ,
2685 1002 2977 1099 singulis

859 1122 1117 1197 diebus
1150 1123 1369 1195 totius
1398 1119 1876 1194 hebdomadae
1910 1144 2291 1192 cervorum
2315 1119 2604 1219 copiam
2629 1119 2728 1191 ad
2757 1123 2976 1193 Sanc-

858 1256 1017 1312 tum
1064 1238 1513 1335 Dionysium,
1569 1260 1718 1308 non
1764 1234 2076 1326 levitate,
2123 1232 2247 1307 sed
2287 1260 2421 1333 pro
2469 1235 2634 1331 jure
2669 1236 2978 1309 ecclesiae

856 1352 1283 1454 reparando,
1323 1352 1718 1441 transferri,
1757 1366 1828 1424 et
1859 1350 2200 1423 fratribus
2231 1349 2538 1423 infirmis
2579 1365 2652 1422 et
2675 1351 2976 1449 hospiti·

857 1472 995 1545 bus
1026 1473 1101 1542 in
1124 1468 1347 1542 domo
1376 1468 1741 1567 hospitali,
1765 1492 2050 1539 necnon
2077 1481 2148 1539 et
2175 1465 2526 1538 militibus
2553 1491 2684 1564 per
2696 1466 2972 1557 villam,

858 1612 951 1659 ne
996 1587 1329 1683 deinceps
1372 1584 1721 1657 oblivioni
1776 1583 2204 1675 traderetur,
2266 1580 2601 1655 distribui
2647 1582 2974 1655 fecimus·

856 1702 1171 1774 Domino
1200 1725 1377 1774 vero
1409 1698 1738 1773 Cabrosae
1777 1715 2031 1798 praeter
2077 1698 2459 1795 antiquum
2508 1696 2838 1789 feodum,
2885 1700 2978 1769 vi-

860 1817 1121 1889 delicet
1171 1814 1719 1887 advocationem
1769 1812 1976 1886 terrae
2026 1829 2289 1886 nostrae
2309 1868 2327 1904 ,
2397 1828 2471 1885 et
2518 1811 2978 1887 medietatem

864 1931 1079 2023 silvae,
1102 1930 1194 2003 de
1224 1930 1519 2030 proprio
1548 1929 1840 2026 singulis
1867 1930 2072 2001 annis
2093 1942 2383 2003 centum
2405 1926 2674 2001 solidos
2698 1928 2973 2021 damus,

860 2063 1203 2145 tanquam
1252 2046 1539 2119 feodato
1583 2059 1858 2139 nostr0,
1911 2070 2004 2118 ne
2035 2044 2340 2116 reducat
2379 2068 2679 2115 manum
2724 2044 2823 2117 ad
2865 2043 2980 2115 tal·

862 2161 1033 2235 liam
1072 2163 1188 2235 vel
1231 2176 1438 2235 terrae
1483 2162 2044 2261 oppressionem.
2105 2165 2306 2249 Quos
2353 2160 2649 2258 quidem
2691 2175 2975 2233 centum

864 2277 1133 2351 solidos
1170 2277 1249 2350 in
1297 2276 1550 2350 eadem
1602 2292 1793 2349 terra
1835 2302 1969 2375 pro
2006 2275 2375 2348 voluntate
2426 2289 2669 2347 nostra
2716 2274 2978 2373 absque

864 2392 1432 2467 contradictione
1470 2392 1881 2488 recolligere
1910 2392 2257 2464 valemus-

962 2512 1069 2582 Ne
1102 2510 1316 2605 igitur
1347 2507 1612 2580 laboris
1643 2507 1868 2580 nostri
1895 2508 2170 2581 fructus
2206 2532 2288 2580 ex
2330 2506 2700 2579 oblivione
2734 2508 2811 2579 in
2835 2507 2980 2579 irri-

866 2642 1024 2700 tum
1050 2622 1477 2715 deducatur,
1500 2624 1619 2696 illa
1647 2625 1861 2696 etiam
1891 2648 2047 2721 quae
2063 2624 2137 2695 in
2157 2623 2380 2713 Belsa,
2403 2622 2788 2695 auxiliante
2808 2627 2976 2709 Deo,

866 2740 1308 2837 augmentari
1341 2738 1896 2830 elaboravimuS,
1933 2740 2195 2838 scripto
2227 2736 2739 2811 commendare
2781 2762 2975 2811 cura-

868 2859 1127 2930 vimus,
1691 2924 1710 2943 ,

966 2973 1204 3045 Prima
1221 2972 1385 3044 villa
1406 2969 1598 3043 beati
1630 2969 1979 3068 Dionysii,
1998 2994 2156 3068 quae
2173 2985 2467 3042 vocatur
2487 2968 2976 3061 Guillelvalis’,

871 3109 1102 3186 prope
1141 3085 1493 3159 Sarclidas
1508 3086 1554 3179 ⁸,
1602 3087 1676 3159 in
1725 3084 2046 3181 catalogo
2099 3084 2486 3181 Dagoberti
2537 3086 2720 3181 regis
2779 3084 2986 3158 beato

872 3200 1220 3299 Dionysio
1252 3202 1345 3273 ab
1378 3201 1636 3273 eodem
1653 3224 1825 3298 rege
1852 3199 2173 3293 traditas,
2200 3225 2424 3298 usque
2455 3200 2639 3273 adeo
2671 3226 2714 3271 a
2749 3200 2986 3273 multis

872 3331 1069 3389 retro
1109 3315 1552 3417 temporibus
1589 3332 1714 3389 aut
1764 3341 2048 3415 semper
2080 3321 2174 3389 ita
2216 3317 2690 3414 incomposita
2739 3318 2985 3389 extite-

872 3447 1007 3524 rat,
1044 3446 1127 3504 ut
1155 3458 1289 3505 nec
1323 3432 1579 3505 domus
1611 3431 1740 3503 ubi
1790 3433 2004 3504 etiam
2050 3431 2274 3505 abbas
2320 3446 2538 3529 caput
2580 3432 2983 3519 reclinaret,

873 3572 1007 3620 nec
1034 3546 1365 3643 granchia
1399 3547 1662 3645 aliqua,
1697 3548 2234 3644 necquicquam
2266 3547 2712 3619 dominicum
2746 3549 2824 3619 in
2849 3561 2989 3619 tota

873 3662 1039 3735 villa
1070 3666 1419 3737 existeret.
1456 3663 1726 3759 Viginti
1761 3664 2076 3760 quinque
2105 3661 2467 3735 modiolos
2502 3676 2819 3755 tantum,
2867 3662 2984 3760 qui

876 3802 1023 3849 non
1057 3778 1407 3851 excedunt
1438 3793 1749 3877 quatuor
1780 3793 2060 3849 nostros
2093 3777 2402 3868 modim,
2426 3802 2562 3876 pro
2594 3804 2818 3851 censu
2843 3794 2980 3851 ter-

876 3916 1119 3965 rarum
1151 3918 1327 3992 quas
1362 3893 1719 3981 colebant,
1757 3918 1925 3965 cum
1959 3893 2248 3965 modico
2279 3892 2667 3967 domorum
2701 3916 2992 3966 suarum

876 4028 1103 4079 censu·
1156 4006 1445 4102 singulis
1510 4007 1715 4079 annis
1765 4007 2292 4105 persolvebant.
2369 4007 2477 4081 Ad
2536 4008 2724 4081 hanc
2787 4008 2993 4105 igitur

958 4190 987 4246 1
1002 4229 1019 4248 .
1063 4185 1281 4245 Nostris
1312 4188 1646 4263 Villo-prena·
1669 4184 2167 4267 (Seiae-et-Ot’se).

957 4282 1017 4338 2.
1063 4278 1253 4337 Hodie
1283 4282 1617 4353 Guilleroal,
1645 4298 1829 4359 prope
1853 4283 2136 4359 StampaS.

957 4374 1018 4435 3.
1061 4375 1293 4453 Sao-Ias,
1308 4373 1369 4431 in
1391 4370 1648 4445 ejusdem
1678 4370 1925 4431 civitatis
1953 4372 2253 4432 subur-bic.
