3275 5317
668 578 817 635 SUR
854 578 998 637 SON
1036 579 1678 637 ADM1NISTRAT10N
1719 578 2153 641 ABBATIALE.
2335 582 2448 638 173

338 723 561 781 tatem
604 707 933 780 Balduini
986 710 1381 807 antiquitus
1444 711 1992 809 pertingentem,
2058 737 2201 811 qua
2261 728 2446 787 terra

339 824 494 921 ipsa
536 824 943 897 immaniter
983 824 1427 921 longaevitate
1469 838 1880 925 temporum
1931 827 2399 925 premebatur
2423 884 2444 922 ,

340 965 513 1013 cum
534 939 731 1012 nulla
762 939 893 1013 alia
916 940 1284 1014 refellendi
1306 941 1718 1015 succederet
1746 942 1889 1033 via,
1919 943 2216 1040 contigit
2235 943 2453 1017 advo-

338 1056 696 1128 cationem
730 1054 926 1127 illam
962 1054 1055 1129 ad
1081 1058 1442 1154 quandam
1465 1057 1804 1155 puellam,
1844 1057 2066 1131 filiam
2092 1057 2252 1132 filiae
2285 1058 2452 1132 Adae

341 1172 803 1267 Pigverensis,
834 1171 1283 1245 haereditario
1308 1174 1470 1269 jure
1491 1175 1915 1273 pertingere.
1939 1178 2102 1262 Quo
2127 1176 2442 1270 cognitu,

336 1286 733 1359 amicorum
761 1302 1172 1361 nostrorum
1198 1289 1521 1381 consilio,
1549 1289 1779 1362 multo
1813 1304 2104 1388 sumptu
2131 1314 2289 1362 eam
2313 1316 2449 1389 pro

338 1402 707 1476 voluntate
744 1418 991 1476 nostra
1039 1404 1297 1502 nuptui
1350 1403 1633 1477 tradere
1679 1405 2152 1503 quaesivimuS.
2197 1406 2310 1478 Ad
2341 1432 2450 1479 se·-

336 1517 609 1591 dandas
640 1543 809 1615 ergo
842 1533 1045 1592 terrae
1071 1518 1261 1593 illius
1292 1520 1846 1618 inquietudines,
1889 1520 2212 1594 nolentes
2249 1544 2449 1594 more

335 1632 546 1707 solito
575 1634 1067 1731 indigenarum
1110 1635 1453 1709 molestiis
1484 1662 1639 1709 eam
1686 1637 1928 1732 affligi,
1993 1636 2280 1709 cuidam
2316 1635 2448 1709 do-

331 1750 637 1822 mestico
688 1764 934 1822 nostro
968 1751 1212 1847 juveni
1263 1752 1578 1848 puellam
1628 1776 1797 1823 cum
1855 1751 2448 1825 advocationibus

330 1862 491 1935 dari
525 1864 863 1957 fecimus3
901 1880 1190 1938 centum
1222 1865 1442 1939 libras
1468 1866 1929 1940 denariorum
1957 1866 2144 1939 beati
2175 1868 2444 1965 Diony·

334 1979 424 2050 sii
450 1994 602 2051 tam
632 1982 1085 2054 matrimonio
1107 2006 1325 2080 quam
1346 1983 1535 2082 patri
1566 1999 1635 2056 et
1667 1984 1876 2055 matri
1902 1982 2177 2081 puellae,
2206 1982 2448 2055 favore

336 2092 619 2166 domini
643 2097 823 2192 regis
854 2097 1221 2188 Ludovici,
1257 2097 1347 2169 de
1382 2099 1587 2196 cujus
1617 2098 1830 2171 feodo
1863 2096 2242 2170 advocatio
2269 2122 2446 2170 con·

336 2209 597 2302 stabat,
636 2210 755 2283 tali
787 2227 1000 2311 pacto
1044 2212 1507 2304 contulimus,
1564 2227 1644 2284 ut
1671 2237 1806 2310 pro
1847 2212 2149 2310 pecunia
2197 2212 2332 2282 ista
2380 2224 2450 2283 et

335 2324 501 2417 alia,
548 2325 876 2399 videlicet
919 2326 1207 2422 triginta
1262 2326 1640 2417 librarum,
1699 2350 1877 2423 quas
1932 2324 2268 2397 dominus
2321 2350 2446 2397 rex

328 2439 501 2513 inde
535 2440 819 2535 habuit,
857 2456 1004 2513 tam
1032 2442 1165 2541 ipsi
1204 2466 1424 2539 quam
1462 2464 1905 2513 successores
1943 2465 2196 2513 eorum
2239 2440 2450 2513 nobis

332 2570 407 2627 et
440 2555 969 2628 successoribus
1012 2558 1274 2631 nostris
1321 2556 1758 2645 hominium,
1819 2571 1891 2627 et
1939 2556 2333 2646 servitium,
2378 2570 2451 2628 et

323 2670 715 2766 justiciam,
792 2671 921 2743 ubi
997 2696 1121 2743 eos
1198 2670 1820 2763 submoneremuS,
1898 2686 2443 2769 exequerentur.

336 2783 557 2872 Quod
589 2786 647 2857 si
690 2784 784 2857 ad
826 2785 969 2858 hoc
1015 2786 1429 2881 deficerent,
1484 2801 1724 2859 totum
1769 2786 2257 2860 advocationis
2300 2787 2450 2859 feo-

333 2900 547 2992 dum,
601 2925 685 2973 ac
720 2902 779 2974 si
812 2903 1188 3002 proprium
1221 2918 1551 2976 nostrum
1583 2918 1792 2994 esset,
1821 2926 2075 2975 eorum
2101 2918 2175 2976 et
2201 2928 2448 3002 paren·

334 3031 493 3089 tum
526 3017 847 3115 ipsorum
864 3000 1369 3111 concessione,
1388 3043 1472 3092 ac
1504 3018 1784 3091 domini
1809 3019 1988 3115 regis
2011 3019 2280 3111 favore,
2315 3018 2443 3092 do-

334 3156 471 3205 nec
500 3131 709 3205 nobis
735 3134 1213 3207 satisfacerent
1241 3134 1315 3205 in
1342 3133 1808 3233 plenitudine,
1837 3133 2145 3208 retinere
2171 3134 2435 3207 liceret.

433 3245 705 3320 Feodos
743 3272 915 3322 vero
960 3274 1142 3347 quos
1181 3276 1269 3322 ex
1297 3249 1468 3322 fisco
1492 3248 1784 3348 proprio
1822 3250 2152 3341 emimuS,
2195 3250 2290 3323 ad
2341 3250 2440 3321 fa-

336 3361 620 3435 ciendas
672 3364 1011 3437 stationes
1054 3365 1349 3462 singulis
1390 3366 1595 3437 annis
1643 3388 1775 3463 per
1823 3365 2005 3439 duos
2039 3389 2317 3437 menses
2361 3363 2436 3435 in

338 3477 596 3552 eodem
626 3494 856 3555 castro
886 3481 1252 3575 Tauriaco,
1299 3480 1541 3554 subter
1581 3479 1943 3553 intitulare
1996 3479 2430 3553 curavimus.

916 3715 1102 3785 XIII.
1137 3718 1245 3784 De
1276 3713 1567 3784 Ροίοηὼ·
1594 3709 1792 3784 Villa
1813 3713 1855 3782 ¹.

433 3913 773 3989 Similiter
827 3926 901 3989 et
949 3914 1235 3989 Poionis
1273 3914 1557 4005 Villam,
1622 3936 1844 4011 quam
1890 3910 2204 3985 habebat
2251 3914 2442 3985 Gau-

337 4032 603 4106 fredus'
636 4032 884 4106 Russus
914 4058 955 4105 a
980 4046 1285 4128 cognato
1314 4055 1444 4105 suo
1476 4027 1792 4103 Berardo
1807 4026 1900 4102 de
1924 4026 2330 4124 Essenvilla,
2359 4040 2444 4100 ut

422 4290 479 4344 1.
510 4286 675 4344 Nunc
699 4285 993 4359 Poinvc’ue,
1014 4302 1199 4363 prope
1217 4280 1633 4347 sanvillam.—
1647 4283 1708 4341 2.
1741 4280 2078 4360 Gauffredus
2099 4278 2196 4340 ed.
2228 4275 2436 4338 Chesn.
