3275 5317
839 599 955 657 140
1274 594 1599 655 OEUVRES
1640 586 2064 653 COMPLETES
2103 596 2206 651 DE
2243 593 2513 654 SUGER.

839 728 980 801 Sed
1011 750 1177 799 cum
1228 749 1397 797 eum
1458 730 1845 821 Augustum
1885 726 2391 824 imperatorem
2435 725 2946 815 constituisset,

841 843 1177 915 Romanis
1200 841 1712 935 resistentibus,
1742 866 1992 940 pacem
2023 841 2375 929 obtinere,
2417 846 2629 913 Petro
2693 841 2947 911 Leonis

837 960 1147 1051 vivente,
1184 982 1332 1029 non
1352 958 1608 1055 potuit.
1649 959 1788 1031 Sed
1819 983 1985 1030 cum
2017 963 2268 1030 Petrus
2289 958 2539 1030 Leonis
2571 956 2664 1028 de
2703 956 2948 1029 medio

838 1072 1151 1165 abiisset,
1204 1096 1378 1172 pace
1430 1073 1781 1165 Ecclesiae,
1839 1088 2000 1172 post
2050 1073 2336 1169 longam
2370 1072 2908 1144 fluctuationem
2929 1126 2948 1161 ‚

838 1204 1003 1289 post
1053 1189 1365 1261 diutinos
1420 1203 1492 1261 et
1528 1214 1712 1288 pene
1759 1189 2294 1287 consumptivos
2343 1187 2755 1283 languoreS,
2805 1186 2940 1258 Dei

839 1305 1102 1380 auxilio
1148 1306 1502 1391 restituta,
1556 1304 1896 1377 dominus
1941 1328 2120 1402 papa
2151 1304 2336 1376 felici
2372 1328 2702 1376 successu
2734 1326 2940 1374 sanc-

840 1422 1187 1493 tissimam
1242 1418 1660 1493 cathedram
1717 1420 1878 1491 vitae
1943 1434 2014 1492 et
2067 1416 2284 1491 officii
2345 1419 2607 1491 merito
2678 1416 2956 1490 nobili-

841 1537 1036 1607 tavit.

936 1653 1379 1748 Jamjamque
1448 1650 1786 1723 dominus
1833 1673 1958 1721 rex
1997 1649 2425 1742 LudovicuS,
2477 1662 2547 1720 et
2588 1672 2950 1747 corporeae

842 1767 1202 1863 gravitatis
1218 1766 1411 1837 mole
1440 1758 1521 1836 et'
1533 1764 1863 1837 laborum
1895 1764 2311 1836 continuato
2349 1763 2612 1836 sudore
2638 1763 2952 1861 aliquau-

839 1884 1064 1980 tisper
1096 1882 1380 1971 fractuS,
1416 1895 1498 1952 ut
1517 1881 1850 1952 humanae
1877 1878 2389 1978 complexionis
2415 1902 2576 1953 mos
2611 1894 2748 1968 est,
2785 1903 2944 1951 cor-

842 2022 1019 2097 pore
1055 2021 1199 2068 non
1223 1997 1467 2068 animo
1494 1994 1928 2088 deficiebat¹,
1967 2020 2136 2067 cum
2170 2012 2409 2069 tamen
2441 1996 2501 2067 si
2537 1994 2715 2091 quid
2740 1996 2944 2089 regiae

843 2113 1224 2209 majestati’
1256 2112 1752 2211 importunum
1793 2136 1920 2209 per
1949 2112 2364 2183 universum
2390 2135 2690 2207 regnum
2731 2133 2950 2181 emer-

845 2242 1067 2324 geret,
1091 2228 1404 2299 inultum
1433 2228 1630 2299 nullo
1661 2226 1885 2299 modo
1911 2227 2272 2324 praeterire
2305 2226 2705 2297 sustineret.
2723 2228 2952 2295 Tanta:

927 2454 983 2508 1.
1014 2449 1320 2529 Reliquam
1344 2450 1515 2524 hujus
1558 2452 1751 2533 operis
1790 2464 2016 2532 partem
2045 2452 2325 2512 lectiones
2363 2448 2626 2529 septima,
2663 2460 2866 2508 octava
2905 2458 2958 2506 et

846 2558 1023 2613 nona,
1050 2542 1111 2601 in
1136 2543 1525 2603 anniversario
1550 2543 1703 2623 regis
1728 2544 2006 2604 Ludovici
2028 2544 2227 2605 Grossi
2251 2544 2532 2614 dicendae,
2567 2541 2958 2619 complectun-

848 2644 966 2695 tur.
1004 2640 1081 2693 At
1121 2637 1360 2716 septima
1406 2636 1499 2695 his
1534 2636 1724 2696 verbis
1760 2636 2002 2716 incipit,
2039 2635 2176 2695 folio
2221 2634 2556 2695 intercalari
2593 2634 2815 2695 codicis
2851 2637 2956 2693 5103

850 2728 1176 2809 inscriptis:
1220 2755 1251 2784 ε
1282 2728 1583 2791 Gloriosus
1607 2728 1788 2807 igitur
1809 2743 1868 2789 et
1895 2730 2142 2789 famosus
2172 2749 2277 2789 rex
2313 2734 2664 2790 Francorum
2705 2725 2958 2786 Ludovi-

853 2847 881 2875 t
928 2842 1053 2893 cus,
1093 2820 1245 2899 regis
1282 2822 1569 2900 magnifici
1596 2822 1848 2904 Philippi
1885 2822 2058 2902 filius,
2084 2822 2231 2882 altus
2267 2822 2568 2903 puerulus,
2599 2821 2842 2899 antiqua
2869 2840 2958 2879 re-

856 2939 884 2967 «
931 2933 1069 2991 gum
1089 2915 1295 2973 Karoli
1318 2915 1514 2993 magni
1538 2928 1598 2975 et
1626 2914 1872 2976 aliorum
1899 2915 2372 2975 excellentiorum
2406 2914 2518 2973 hoc
2553 2914 2746 2993 ipsum
2783 2925 2959 2973 testa·

858 3032 886 3059 α
930 3007 1135 3065 mentis
1165 3007 1560 3087 imperialibus
1592 3010 2016 3069 testificantium
2047 3010 2484 3083 consuetudine,
2513 3008 2668 3088 apud
2709 3020 2962 3067 sancum

856 3123 886 3153 c
931 3099 1272 3175 Dyonisium
1296 3113 1452 3160 tanta
1482 3116 1540 3161 et
1564 3103 1730 3181 qnasi
1764 3104 1956 3162 nativa
1983 3102 2289 3163 dulcedine
2320 3102 2462 3183 ipsis
2497 3101 2712 3161 sanctis
2743 3113 2963 3177 marty·-

860 3216 889 3245 «
934 3191 1093 3249 ribus
1122 3192 1351 3271 suisque
1388 3193 1660 3269 adhaesit,
1690 3214 1872 3273 usque
1905 3196 2053 3255 adeo
2084 3209 2149 3254 ut
2178 3194 2436 3255 innatam
2471 3214 2506 3251 a
2541 3212 2730 3274 puero
2767 3209 2964 3251 eorum

857 3309 883 3335 ι
934 3283 1183 3342 ecclesiae
1216 3283 1527 3345 amicitiam
1562 3299 1684 3346 toto
1727 3300 1986 3368 tempore
2012 3288 2145 3348 vitae
2179 3308 2292 3348 suae
2328 3287 2507 3346 multa
2535 3284 2884 3345 liberalitate
2909 3294 2966 3341 et

860 3400 884 3432 α
932 3376 1368 3437 honorificentia
1408 3379 1795 3453 continuaret,
1829 3394 1886 3441 et
1919 3382 1978 3440 in
2021 3383 2155 3454 fine,
2187 3400 2406 3439 summe
2443 3391 2573 3457 post
2607 3380 2801 3437 Deum
2835 3396 2964 3459 spe·

858 3494 885 3527 σ
932 3490 1090 3544 rans,
1122 3471 1197 3530 ab
1229 3472 1311 3531 eis
1335 3471 1582 3553 seipsum
1610 3486 1673 3533 et
1703 3492 1952 3556 corpore
1980 3487 2037 3534 et
2063 3476 2275 3552 anima,
2314 3486 2376 3532 ut
2401 3472 2448 3532 si
2485 3472 2610 3531 fieri
2641 3484 2840 3551 posset
2867 3470 2968 3531 ibi-

856 3588 885 3619 «
930 3564 1063 3623 dem
1088 3566 1403 3624 monachus
1430 3568 1776 3639 efficeretur,
1806 3568 2167 3627 devotissime
2183 3566 2556 3626 deliberando
2579 3564 2959 3624 contraderet.

858 3681 884 3713 α
932 3657 1043 3733 Qui
1071 3670 1203 3739 post
1242 3660 1607 3720 tricenariam
1649 3660 1884 3739 gloriosi
1925 3662 2089 3739 regni
2129 3666 2478 3721 Francorum
2515 3658 2966 3719 administratio·

858 3776 888 3806 c
932 3772 1091 3825 nem,
1118 3753 1399 3813 illustrem
1427 3753 1802 3813 ecclesiarum
1833 3754 2220 3814 defensionem
2236 3800 2253 3829 ,
2285 3755 2613 3813 continuam
2651 3770 2964 3833 pauperum

862 3868 893 3899 α
936 3856 995 3903 et
1032 3845 1426 3923 orphanorum
1467 3846 1798 3919 tuitionem,
1835 3860 1902 3907 ut
1939 3846 2206 3907 humanae
2243 3845 2658 3929 complexionis
2693 3864 2820 3903 mos
2860 3854 2963 3913 est,

860 3962 891 3993 α
932 3957 1224 4018 corporeae
1250 3940 1547 4017 gravitatis
1568 3940 1720 3999 mole
1743 3953 1801 3999 et
1824 3939 2088 4000 laborum
2115 3938 2446 4000 continuato
2469 3939 2682 3999 sudore
2705 3936 2967 4016 aliquan-

860 4056 889 4087 «
937 4031 1115 4109 tisper
1154 4032 1387 4105 fractus,
1428 4052 1676 4112 corpore
1713 4052 1832 4092 non
1871 4032 2064 4093 animo
2100 4031 2504 4093 deficiebat....
2547 4056 2575 4084 ι
2616 4030 2876 4101 Deinde,
2907 4042 2967 4087 nt

853 4122 977 4203 ipse
1004 4122 1148 4182 Vitae
1186 4134 1396 4186 textus.
1440 4128 1529 4184 De
1572 4124 1732 4184 hisce
1768 4124 2112 4185 lectionibus
2136 4144 2330 4204 quaere
2353 4126 2548 4205 supra,
2577 4122 2641 4183 in
2673 4123 2967 4183 Introduc-

866 4215 1051 4291 tione,
1079 4227 1138 4275 et
1170 4218 1326 4298 apud
1360 4220 1607 4277 Marten.
1641 4222 1838 4295 Ampl.
1889 4220 2054 4293 Cau„
2097 4230 2140 4277 t.
2179 4220 2288 4291 IV,
2316 4217 2507 4300 praef.,
2539 4238 2600 4298 p.
2632 4236 2862 4278 xxxvii.

940 4317 1005 4376 2.
1038 4318 1397 4389 majestatis,
1428 4316 1725 4389 mendose,
1756 4315 1851 4377 ed.
1883 4316 2177 4377 Benedict.
