3275 5317
845 476 960 536 158
1278 472 1603 532 oeanEs
1643 456 2069 530 COMPLETFS
2107 473 2210 528 DE
2247 470 2514 531 suem.

845 607 1040 698 braS,
1066 630 1361 679 censum
1392 604 1804 704 quindecim
1836 584 2234 677 solidorum
2260 604 2351 676 de
2391 604 2622 677 tribus
2649 606 2960 677 mansio-

848 722 1087 813 nibuS,
1122 722 1413 819 reliquis
1442 719 1722 793 duabus
1753 720 1992 794 adhuc
2014 724 2034 759 ¹
2065 720 2502 793 vacantibus.
2531 724 2616 793 In
2643 722 2960 795 curticu-

848 839 917 911 la
949 838 1248 909 fratrum
1283 839 1355 909 in
1386 862 1637 930 vacuo,
1676 836 1767 909 de
1801 838 2008 911 novis
2037 837 2442 935 hospitibus
2491 838 2844 932 sexaginta
2887 852 2965 910 et

852 953 1100 1026 decem
1152 952 1417 1026 solidos
1448 952 1541 1025 de
1592 978 1835 1026 annuo
1897 978 2140 1026 censu.
2194 956 2302 1024 De
2331 955 2532 1027 curia
2592 978 2766 1025 vero
2797 939 2958 1051 qu'ae

853 1083 1049 1141 extra
1080 1067 1321 1141 villam
1369 1084 1501 1158 est,
1546 1093 1715 1140 cum
1754 1092 1888 1141 nec
1940 1093 2126 1142 unus
2157 1068 2418 1167 hospes
2451 1092 2798 1166 umquam
2847 1068 2958 1139 ibi

850 1184 1250 1274 mansisset,
1280 1181 1407 1256 sed
1443 1209 1485 1256 a
1516 1182 1985 1257 servientibus
2015 1183 2340 1281 expensis
2368 1183 2678 1281 propriis
2707 1207 2964 1255 serva-

851 1316 1075 1391 retur,
1126 1316 1271 1372 tam
1304 1302 1381 1372 in
1408 1326 1490 1373 ea
1530 1326 1747 1397 quam
1785 1300 1862 1371 in
1900 1300 2035 1371 alia
2073 1324 2264 1371 nova
2300 1297 2538 1371 eidem
2564 1297 2958 1395 adjacente,

854 1430 1104 1513 quater
1138 1417 1385 1510 viginti
1426 1431 1495 1488 et
1530 1440 1618 1487 eo
1650 1414 1954 1514 amplius
2003 1416 2208 1487 novis
2258 1412 2661 1513 hospitibus
2686 1416 2962 1513 positis,

852 1530 1095 1626 viginti
1151 1528 1351 1602 libris
1374 1532 1397 1568 ¹
1454 1545 1734 1603 constat
1785 1528 2075 1625 singulis
2123 1530 2328 1601 annis
2394 1545 2958 1625 augmentatum.

858 1644 1001 1717 Ubi
1034 1646 1279 1735 etiam,
1316 1644 1583 1717 scilicet
1610 1644 1804 1744 apud
1837 1649 2178 1717 Sanctum
2211 1644 2605 1717 Lucianum
2619 1648 2667 1736 ⁸,
2700 1669 2960 1741 magno

858 1774 1178 1856 sumptu,
1219 1762 1387 1856 quia
1438 1761 1730 1833 ecclesia
1764 1760 1877 1832 his
1928 1757 2135 1833 valde
2194 1757 2584 1855 indigebat,
2647 1760 2965 1833 clausum

857 1877 1227 1947 vinearum
1271 1875 1417 1946 fere
1467 1890 1723 1972 quater
1754 1875 2011 1970 viginti
2073 1899 2584 1972 arpennorum,
2608 1889 2690 1946 ut
2735 1876 2961 1965 aiunt,

858 1988 1249 2090 plantando
1281 1990 1512 2062 excoli
1550 1990 1872 2063 fecimus,
1915 1990 2046 2062 Cui
2093 1989 2188 2061 ad
2235 1990 2630 2063 maximum
2664 1988 2968 2062 ecclesiae

860 2104 1329 2177 commodum
1373 2106 1559 2204 ipsas
1590 2105 1838 2202 viginti
1869 2104 2118 2191 libras,
2151 2121 2234 2177 ut
2273 2104 2446 2177 inde
2478 2103 2668 2178 bene
2700 2104 2967 2177 excola-

862 2238 1005 2312 tur,
1036 2222 1473 2294 instituimus
1506 2246 1523 2295 :
1564 2222 1886 2294 consulte
1917 2220 2209 2320 quidem
2239 2221 2488 2293 omnia
2515 2246 2651 2320 pro
2691 2220 2967 2292 defectu

863 2338 1039 2428 vini,
1075 2339 1242 2436 quia
1266 2340 1517 2436 saepius
1556 2362 1802 2411 cruces
1848 2352 1920 2410 et
1951 2338 2200 2410 calices
2235 2352 2307 2409 et
2350 2338 2562 2435 pallia
2603 2337 2848 2409 multis
2895 2336 2972 2406 in

863 2452 1066 2542 locis,
1108 2468 1181 2525 et
1218 2455 1434 2525 etiam
1485 2454 1852 2540 Latiniaci‚
1906 2456 1983 2525 in
2025 2452 2441 2526 vadimonio
2489 2452 2965 2551 ponebantur.

962 2566 1540 2640 Molendinorum
1559 2593 1733 2639 vero
1765 2568 2086 2664 ejusdem
2103 2569 2316 2641 castri
2335 2568 2492 2640 talis
2507 2582 2615 2640 est
2633 2590 2971 2663 augmen—

868 2683 1070 2775 tatio,
1106 2683 1306 2780 quod
1340 2708 1509 2756 cum
1541 2683 1718 2756 olim
1763 2683 2055 2779 singulis
2106 2683 2363 2757 diebus
2393 2684 2713 2781 quinque
2749 2683 2974 2753 minas

868 2796 1210 2871 frumenti
1263 2799 1568 2871 fratrum
1624 2800 2000 2872 refectorio
2049 2800 2354 2872 reddere
2400 2799 2970 2886 consuevissent,

870 2911 1093 2984 modo
1154 2912 1445 3009 singulis
1500 2914 1754 2987 diebus
1811 2930 1977 2988 octo
2033 2914 2336 2988 reddere
2393 2941 2540 2988 non
2600 2914 2970 2987 desistunt.

872 3038 1201 3123 Quorum
1263 3038 1789 3111 incrementum
1861 3037 1952 3111 de
2027 3040 2316 3136 singulis
2399 3038 2982 3112 hebdomadibus

874 3164 1069 3221 certa
1109 3154 1644 3250 computatione
1693 3152 2110 3247 deductum,
2164 3153 2626 3253 quadraginta
2697 3152 2982 3226 modios

874 3264 1177 3339 dimidio
1220 3268 1457 3340 minus
1507 3269 1783 3368 recipit.
1839 3272 2316 3343 Denariorum
2365 3295 2533 3342 vero
2589 3271 2988 3343 incremen-

876 3395 1031 3453 tum
1056 3383 1311 3481 septies
1340 3384 1583 3480 viginti
1615 3399 1687 3457 et
1719 3409 1840 3457 sex
1854 3383 2070 3458 libras
2103 3402 2176 3459 et
2205 3386 2456 3459 decem
2504 3384 2775 3459 solidos
2821 3408 2988 3457 oon-

875 3511 1035 3570 stat.
1098 3502 1415 3572 Domum
1468 3525 1626 3597 quae
1673 3517 1992 3599 superest
2049 3517 2274 3601 portae
2317 3502 2686 3575 Parisiensi
2739 3524 2981 3573 versus

875 3615 1215 3686 Sanctum
1240 3614 1676 3688 Medericum
1707 3617 2011 3690 emimus
2045 3618 2243 3689 mille
2287 3616 2557 3709 solidis,
2611 3616 2982 3715 quoniam,

877 3751 1047 3799 cum
1088 3729 1495 3828 frequenter
1541 3733 2040 3805 interessemus
2103 3734 2414 3830 negociis
2461 3733 2684 3830 regni,
2745 3756 2878 3803 nos
2915 3744 2994 3801 et

880 3864 1105 3939 equos
1138 3860 1447 3942 nostros,
1479 3846 1604 3919 sed
1640 3862 1714 3919 et
1751 3870 2188 3921 successores
2227 3864 2512 3922 nostros
2545 3845 2817 3920 ibidem
2855 3844 2990 3917 ho-

964 4096 1023 4152 1.
1048 4094 1248 4151 Adhuc
1267 4093 1429 4154 deest
1440 4092 1501 4154 in
1523 4094 1618 4155 ed.
1641 4096 1849 4156 Chesn.
1867 4100 2016 4159 —2.
2047 4096 2369 4170 Librarum,
2397 4096 2696 4169 mendose,
2719 4096 2852 4157 cod.
2877 4116 2992 4163 ms,

963 4186 1023 4245 3.
1066 4190 1489 4263 Saint-Lucien,
1512 4186 1648 4247 villa
1674 4187 1746 4248 ad
1765 4188 2045 4251 orientem
2067 4189 2259 4251 Sancti
2288 4188 2549 4269 Dionysii
2577 4189 2716 4252 olim
2739 4190 2866 4253 sita.
