3275 5317
823 621 949 677 vm
989 621 1091 677 DE
1130 620 1350 679 Loms
1388 623 1481 679 LE
1529 622 1745 684 GROS.
2291 630 2370 684 ’Π

260 751 773 825 machinatura
822 756 959 824 Rex
993 767 1257 843 autem,
1296 770 1375 825 ut
1393 768 1543 825 erat
1568 756 1681 825 vir
1709 754 1978 827 militiae
2000 772 2234 855 aptuS,
2270 762 2374 833 ul-

262 868 434 940 cisci
462 868 533 940 in
564 892 727 939 eum
768 866 1309 965 frequentabat:
1353 884 1426 940 et
1468 893 1637 940 cum
1687 868 1928 941 multis
1961 869 2114 943 aliis
2157 871 2372 947 baro-

274 981 514 1074 nibus,
553 999 705 1055 tum
744 982 1101 1055 avunculo
1139 1008 1269 1055 suo
1306 984 1568 1056 comite
1596 984 2026 1059 Flandrense
2059 989 2372 1065 Roberto

264 1100 516 1185 accito,
546 1100 699 1171 viro
720 1100 1059 1191 mirabili,
1078 1100 1477 1172 christianis
1504 1116 1575 1172 et
1593 1104 1996 1175 sarracenis
2013 1130 2054 1175 a
2073 1104 2374 1202 primor-

264 1215 389 1286 dio
422 1216 1082 1313 Hierosolymiianae
1128 1216 1253 1286 viae
1297 1216 1512 1287 armis
1572 1217 2072 1311 famosissimO,
2111 1234 2374 1292 terram

266 1334 416 1429 ejus
454 1331 878 1429 exponebat.
908 1332 1135 1419 Unde,
1176 1358 1342 1405 cum
1364 1332 1676 1429 quadam
1695 1333 1812 1406 die
1831 1334 2169 1407 Meldensi
2200 1336 2372 1409 civi-

266 1448 394 1518 tati
437 1447 829 1520 exercitum
880 1445 1268 1518 induxisset
1312 1462 1561 1519 contra
1620 1449 1996 1536 comitem,
2057 1451 2208 1523 viso
2255 1476 2368 1539 e0‚

266 1555 605 1629 frendens
638 1556 713 1627 in
741 1581 907 1627 eum
938 1570 1009 1628 et
1038 1581 1203 1627 suos
1235 1556 1476 1628 insiliit
1518 1584 1533 1627 ε
1574 1583 1707 1629 nec
1740 1558 2074 1653 fugitivos
2109 1562 2374 1633 veritus

266 1698 396 1771 per
420 1688 715 1771 pontem
740 1672 1042 1767 insequi,
1068 1673 1477 1769 prosternit,
1508 1690 1764 1746 etcum
1785 1674 2047 1746 comite
2064 1675 2375 1749 Roberto

266 1804 339 1860 et
370 1788 635 1859 ‹zeteris
661 1787 857 1883 regni
882 1786 1347 1885 optimatibus
1379 1788 1654 1883 gladiis,
1688 1804 1910 1886 ponte
1932 1789 2304 1863 decidente
2316 1796 2364 1879 ⁸,

266 1902 603 1974 fluctibus
634 1901 957 1972 involvit.
984 1902 1231 1974 Virum
1248 1901 1660 2000 expeditum
1684 1909 2074 1977 Hectoreos
2099 1906 2374 1979 videres

264 2042 559 2089 movere
616 2018 937 2107 lacertoS‚
993 2041 1204 2115 super
1250 2036 1547 2115 pontem
1600 2020 1983 2092 tremulum
2015 2022 2375 2117 giganteos

265 2134 581 2228 impetus
611 2133 923 2221 actitare,
975 2133 1289 2229 ingressu
1342 2134 1776 2232 periculoso‘
1809 2138 1967 2227 niti,
2005 2136 2378 2235 permultis

266 2247 735 2319 renitentibus
777 2247 1018 2319 villam
1069 2273 1445 2344 occupare,
1496 2251 1693 2345 quod
1725 2274 1858 2321 nec
1921 2251 2378 2348 interpositus

265 2384 565 2457 magnus
598 2366 931 2435 Maternae
975 2362 1231 2434 fluvius
1277 2362 1715 2458 prohiberet,
1766 2366 1822 2435 si
1873 2380 2069 2437 trans
2109 2362 2374 2436 flumen

268 2492 478 2575 porta
505 2478 733 2551 clausa
776 2504 921 2549 non
952 2478 1341 2550 restitisset.
1390 2482 1534 2548 Nec
1574 2478 1811 2548 minus
1836 2478 2172 2575 praeclaro
2205 2477 2374 2549 faci-

266 2618 447 2663 nore
490 2592 921 2664 strenuitatis
978 2593 1242 2663 famam
1284 2591 1712 2682 nobilitavit,
1765 2618 1932 2663 cum
1985 2592 2377 2665 Latiniaco‘

262 2707 656 2779 exercitum
701 2730 1021 2797 movenS,
1086 2705 1399 2778 obvianti
1444 2706 1737 2797 militiae,
1774 2710 1849 2779 in
1877 2713 2098 2803 grata⁸
2126 2722 2370 2804 prato-

260 2845 435 2891 rum
457 2818 746 2918 planitie
766 2820 963 2917 juxta
999 2826 1465 2918 Pomponam,
1494 2846 1692 2893 arma
1723 2825 2098 2914 convertit,
2134 2824 2374 2917 fugam

262 2934 578 3006 celerem
608 2934 836 3007 crebis
860 2934 1191 3007 affectare
1214 2937 1399 3031 cogit
1416 2934 1758 3033 colaphis,
1784 2938 2104 3025 Quicum
2129 2938 2368 3036 pontis

260 3050 577 3147 proximi
610 3054 873 3122 artum⁸
926 3049 1401 3123 formidarent
1438 3053 1842 3142 introitum,
1893 3052 2009 3123 alii
2048 3078 2122 3125 se
2155 3050 2372 3124 influ-

262 3180 509 3238 ctuare
540 3165 949 3262 gravissimo
974 3168 1225 3239 mortis
1260 3166 1580 3264 periculo
1603 3167 1886 3241 timide⁷
1921 3168 2370 3241 consulentes

344 3376 405 3431 1.
440 3370 885 3431 Μαι-Ιιίηαόαειυ·
912 3374 1127 3432 12710.

347 3468 409 3525 2.
454 3468 661 3542 Sponte
708 3468 1026 3525 decidentes
1069 3470 1209 3529 543.
1264 3500 1343 3513 -
1370 3472 1575 3543 Sponte
1615 3470 1908 3526 decidente
1947 3472 2060 3527 133
2105 3478 2164 3525 et
2223 3466 2366 3529 edit.

260 3556 471 3619 Chesn.
506 3560 577 3617 V.
608 3558 780 3633 infra,
812 3558 873 3618 in
900 3559 1198 3619 observat.

347 3655 407 3711 3.
432 3654 689 3710 Pericula
721 3655 918 3713 12710
941 3674 1007 3713 ac
1038 3653 1177 3714 edit.
1204 3652 1411 3715 Chesn.
1434 3688 1516 3700 —
1541 3658 1804 3714 Per-verso
1833 3652 1972 3713 edit.
2006 3654 2207 3713 Germ.

346 3747 409 3805 4.
448 3744 638 3824 Vulgo
680 3752 877 3823 Lagny·
918 3746 1473 3823 (Setae-et-Marne).
1521 3779 1604 3793 -
1643 3750 1780 3805 Haec
1822 3764 2016 3805 mense
2075 3742 2364 3805 decembri

259 3834 403 3895 anni
436 3840 580 3897 1111
620 3835 875 3911 ineunte,
904 3840 1219 3899 secundum
1257 3838 1761 3899 Benedictinorum
1799 3836 2142 3899 sententiam
2158 3881 2175 3912 ‚
2223 3858 2362 3899 eve-

265 3946 504 3995 nerunt.

347 4032 407 4088 5.
436 4034 673 4109 Ingrata
699 4032 815 4091 135
844 4040 901 4089 et
924 4032 1063 4090 543.

346 4124 407 4181 6.
442 4126 643 4181 Attum
669 4143 778 4203 pro
802 4136 1017 4182 arctum
1043 4137 1291 4202 quatuor
1316 4124 1487 4186 codd.
1502 4136 1670 4203 atque
1697 4124 1833 4185 edit.
1863 4122 2366 4185 Benedict.--Ar-

259 4234 413 4289 cum,
430 4215 725 4290 mendose,
758 4219 871 4277 135
898 4228 954 4277 et
976 4216 1115 4277 edit.
1140 4220 1335 4279 Germ.
1362 4248 1436 4263 —
1464 4222 1730 4290 Arcuum,
1755 4216 1958 4297 prave,
1983 4214 2124 4275 edit.
2149 4213 2363 4274 Chesn.

349 4312 410 4367 7.
440 4312 680 4369 Tumide
708 4314 846 4369 135.
