3275 5317
898 580 1026 637 vm
1064 580 1165 637 DE
1203 578 1423 637 LOUIS
1462 580 1559 635 LE
1597 577 1818 635 GRos,
2293 576 2406 631 147

309 709 583 785 ibidem
607 708 1110 809 praestolantes,
1126 723 1199 781 et
1213 706 1443 779 navali
1462 706 1787 781 subsidio
1800 704 1895 778 ad
1919 703 2180 779 urbem
2195 720 2418 778 trans·

312 841 597 917 euntes;
661 824 892 897 donec
972 824 1089 896 die
1142 823 1505 895 dominica
1523 875 1544 914 ,
1604 820 1921 895 collectis
1973 822 2338 894 Gasconiae
2365 826 2414 911 ¹,

311 940 731 1031 Sanctoniae‚
788 939 1107 1013 Pictaviae
1152 936 1646 1036 optimatibus,
1701 937 2063 1035 praefatam
2107 935 2421 1035 puellam

310 1082 483 1129 cum
515 1081 606 1131 eo
634 1055 1034 1128 diademate
1064 1055 1265 1150 r'egni
1299 1067 1716 1128 coronatam
1747 1051 1885 1125 sibi
1909 1053 2262 1151 ‘conjugio
2293 1078 2418 1125 co·

309 1173 601 1273 pulavit.
636 1170 1041 1246 Redeuntes
1068 1171 1283 1267 igitur
1310 1194 1441 1269 per
1455 1194 1719 1269 pagum
1749 1169 2279 1258 Sanctonicum,
2319 1184 2416 1260 et,

311 1290 371 1361 si
402 1290 527 1386 qui
560 1302 793 1380 erant,
827 1286 1071 1359 hostes
1103 1286 1664 1385 prosternentes,
1697 1286 2152 1359 Pictavorum
2177 1285 2422 1359 civita-

313 1419 463 1477 tem
489 1427 656 1476 cum
688 1401 1117 1475 exultatione
1144 1401 1361 1474 totius
1388 1415 1588 1473 terrae
1614 1401 2096 1499 pervenimus.

409 1518 834 1591 AEstuabant
854 1541 943 1589 eo
968 1532 1293 1614 tempore
1320 1516 1539 1589 aestivi
1556 1515 1830 1589 calores
1863 1515 2074 1589 solito
2107 1514 2428 1591 nocivio-

314 1659 456 1727 reS,
515 1657 830 1732 quorum
850 1635 873 1670 '
924 1631 1470 1730 consumptione
1532 1630 2040 1730 aliquantisper
2087 1630 2304 1703 soluti
2358 1646 2429 1703 et

318 1748 525 1823 valde
590 1743 883 1821 contriti
950 1746 1544 1843 defatigabamur.
1614 1751 1948 1834 Quorum
2003 1745 2429 1820 intolerabili

312 1865 669 1937 solutione
699 1886 869 1935 cum
906 1862 1240 1935 dominus
1265 1887 1391 1935 rex
1422 1861 1824 1936 Ludovicus
1868 1862 2172 1935 Parisius
2199 1864 2222 1902 ⁸
2250 1861 2430 1934 reci-

313 1979 483 2053 diva
529 1978 860 2077 profluvii
901 1978 1315 2053 dissenteria
1354 1980 1762 2076 gravissime
1804 1980 2240 2076 fatigaretur,
2275 2004 2432 2052 om-

316 2096 497 2167 nino
528 2092 924 2167 deficiebat.
966 2095 1107 2182 Qui
1143 2120 1515 2192 nunquam
1549 2120 1766 2194 super
1806 2095 1918 2167 his
1953 2094 2430 2193 improviduS,

318 2210 550 2282 accito
572 2208 965 2283 venerabili
997 2209 1371 2282 Parisiensi
1403 2210 1741 2308 episcopo
1774 2209 2170 2307 Stephano,
2211 2223 2287 2281 et
2319 2232 2436 2280 re-

318 2322 569 2420 ligioso
598 2324 837 2396 Sancti
868 2323 1173 2395 Victoris
1205 2321 1466 2395 abbate
1512 2320 1857 2395 Gilduino
1885 2325 1935 2412 ⁶,
1986 2324 2106 2394 cui
2145 2320 2442 2394 familia-

317 2441 465 2513 rius
494 2437 999 2529 confitebatur,
1038 2462 1126 2510 eo
1153 2436 1355 2536 quod
1380 2437 1899 2509 monasterium
1926 2437 2077 2534 ejus
2109 2462 2152 2508 a
2177 2434 2439 2509 funda-

316 2556 513 2627 mine
535 2566 1053 2639 construxerat,
1084 2566 1159 2623 et
1189 2550 1711 2623 confessionem
1738 2552 2022 2647 repetit,
2057 2566 2133 2623 et
2173 2550 2440 2623 exitum

316 2694 535 2743 suum
583 2669 843 2739 viatico
886 2666 1245 2739 Dominici
1288 2666 1609 2764 corporis
1677 2665 1944 2738 muniri
1992 2665 2442 2739 devotissime

318 2783 605 2878 satagit.
659 2784 986 2879 Cumque
1030 2805 1105 2853 se
1154 2779 1418 2853 deferri
1462 2778 1558 2852 ad
1613 2780 1983 2853 ecclesiam
2028 2794 2438 2853 sanctorum

313 2902 718 2996 Martyrum
747 2897 1038 2988 faceret,
1078 2910 1160 2968 ut
1200 2894 1401 2994 quod
1421 2898 1445 2935 ⁸
1472 2910 1726 2969 votum
1750 2897 2004 2995 soepius
2029 2894 2436 2995 spoponde-

316 3026 434 3087 rat
492 3011 896 3086 humillime
954 3010 1419 3110 persolveret,
1506 3011 1944 3107 aegritudinis
2013 3012 2436 3110 anticipatus

314 3127 685 3224 angustiiS,
734 3125 936 3224 quod
962 3150 1186 3225 opere
1216 3152 1367 3199 non
1416 3128 1679 3226 potuit,
1728 3126 1948 3200 corde
1987 3142 2059 3200 et
2087 3130 2329 3202 animo
2360 3142 2436 3199 et

318 3244 687 3319 voluntate
714 3242 1127 3342 complevit.
1184 3244 1603 3341 Praecipiens
1649 3267 1820 3339 ergo
1867 3258 2191 3342 tapetum
2232 3258 2439 3316 terrae

320 3374 401 3433 et
435 3361 709 3434 cineres
756 3372 993 3458 tapeto
1042 3360 1119 3431 in
1149 3359 1455 3433 modum
1520 3360 1756 3433 crucis
1819 3358 2112 3458 deponi,
2165 3357 2438 3431 ibidem

320 3470 660 3545 manibus
707 3494 1010 3543 suorum
1049 3470 1442 3569 deposituS,
1478 3471 1680 3566 signo
1713 3485 1970 3543 sanctae
1999 3470 2230 3541 crucis
2262 3492 2438 3566 prae-

324 3588 627 3660 sentiam
658 3611 860 3660 suam
885 3586 1243 3675 muniens,
1276 3586 1634 3659 tricesimo
1662 3587 1861 3683 regni
1891 3582 2444 3657 administratio—

324 3703 469 3795 nis,
516 3704 738 3776 aetatis
789 3725 963 3775 vero
1030 3702 1253 3774 ferme
1280 3703 1303 3740 ⁸
1358 3703 1787 3800 sexagesimo
1843 3724 2059 3791 anno,
2126 3696 2446 3771 kalendis

414 3920 474 3977 1.
508 3922 829 3981 Waeconiae
858 3916 1078 3977 12710.
1098 3948 1179 3963 —
1200 3920 1263 3979 2.
1292 3922 1606 3995 Equorum,
1634 3916 1934 3999 mendose,
1957 3914 2046 3980 id.
2072 3916 2206 3975 cod.

370 4014 475 4164 dg.
504 4016 765 4072 Par-isius
804 4007 1034 4069 codices
1074 4029 1276 4071 omnes
1312 4021 1370 4071 et
1402 4008 1545 4074 edit.
1586 4010 1885 4074 Benedict.
1913 4044 1994 4059 —
2039 4010 2284 4073 Parisiis
2321 4008 2447 4070 aliae

332 4125 367 4165 e
456 4148 472 4163 .

418 4202 478 4261 4.
510 4200 787 4257 Geldaino
814 4199 1035 4258 12710.
1063 4228 1143 4247 -·
1176 4202 1237 4262 5.
1266 4202 1351 4259 Eo
1383 4200 1541 4277 quod
1556 4242 1575 4271 ‚
1601 4196 1780 4270 mare,
1806 4198 1892 4263 id.
1919 4197 2051 4261 cod.

420 4293 480 4353 6.
510 4296 658 4351 Fere
676 4287 980 4349 editione-5.
