3275 5317
802 601 881 657 -ιο
1240 592 1570 654 oeums
1608 577 2036 651 coum
2075 593 2176 649 nn
2223 592 2494 651 suana.

803 746 1017 803 taneo
1053 724 1313 823 gaudio
1353 726 1662 823 conjugii
1697 724 1994 819 longum
2037 724 2322 821 repudii
2383 724 2724 816 dedecuS‚
2781 752 2908 799 nec

800 846 957 918 sine
1016 866 1281 937 magno
1364 838 1830 913 incommodo
1897 864 2252 936 equorum
2319 856 2391 912 et
2461 840 2908 939 supellectilis

800 960 1207 1051 amissione,
1242 957 1682 1056 absportavit
1713 986 1734 1047 ;
1784 972 1858 1028 et
1885 956 2063 1053 quid
2107 982 2276 1028 cum
2306 957 2632 1029 hostibus
2657 974 2904 1030 contra

804 1075 1183 1147 dominum
1227 1075 1407 1145 inire
1444 1072 1763 1145 conferat
1777 1129 1798 1165 ,
1829 1073 2138 1169 turpiter
2174 1071 2540 1170 expulsuS,
2583 1074 2902 1146 animad-

804 1190 1039 1261 vertit.
2421 1228 2442 1243 ·

901 1303 1151 1372 XVIII.
1204 1300 1403 1372 Sicut
1424 1298 1611 1389 bene
1641 1298 2132 1370 fructificantis
2161 1298 2440 1371 arboris
2479 1301 2908 1395 gratissimus

801 1416 1077 1488 fructus
1092 1474 1111 1510 ‚
1162 1431 1286 1489 aut
1342 1416 1597 1514 stipitis
1661 1414 2296 1513 transplantatione
2346 1429 2472 1487 aut
2545 1440 2908 1489 ramorum

802 1534 1187 1605 insertione
1222 1532 1668 1605 odoriferum
1710 1555 2040 1629 saporem
2076 1544 2460 1623 restaurat3
2514 1532 2616 1603 sic
2655 1548 2728 1603 et
2773 1533 2903 1604 ini-

800 1650 1087 1744 quitatis
1124 1663 1193 1720 et
1228 1649 1559 1743 nequitiae
1597 1646 2010 1744 extirpanda
2046 1648 2464 1745 propagatio
2505 1646 2598 1718 de
2619 1646 2909 1719 traduce

800 1762 1193 1835 multorum
1212 1787 1517 1860 nequam
1530 1762 1603 1833 in
1624 1786 1776 1833 uno
1792 1762 2650 1860 conglutinata‚tanquam
2667 1765 2909 1858 anguis

801 1880 1013 1973 angui
1028 1881 1049 1917 ¹
1102 1879 1289 1950 inter
1335 1877 1673 1973 anguillas
1717 1877 2086 1949 stimulans
2099 1932 2122 1971 ,
2163 1879 2402 1951 nativa
2441 1878 2909 1949 amaritudine

801 2008 1144 2090 tanquam
1202 1992 1583 2092 absynthio
1653 2008 1875 2092 potat.
1955 1994 2169 2090 Cujus
2247 1995 2472 2065 instar
2517 1998 2722 2089 Hugo
2771 1998 2906 2065 Pu-

804 2105 1193 2193 teolensis’,
1230 2107 1343 2177 vir
1360 2130 1697 2202 nequam,
1729 2118 1800 2176 et
1816 2106 2110 2203 propria
2143 2120 2216 2177 et
2246 2120 2775 2177 antecessorum
2802 2120 2906 2201 ty-

800 2220 1101 2293 rannide
1148 2220 1297 2293 sola
1332 2221 1717 2319 opulentus
1737 2276 1758 2311 ‚
1805 2245 1972 2293 cum
2024 2221 2469 2292 successisset
2511 2222 2588 2291 in
2631 2220 2908 2293 honore

806 2337 1075 2408 Puteoli
1095 2336 1450 2411 avunculo
1466 2336 1785 2408 Guidoni
1803 2336 2033 2434 (pater
2058 2338 2252 2409 enim
2278 2338 2430 2433 ejus
2455 2337 2652 2409 mirae
2676 2362 2908 2436 super-

800 2450 937 2522 biae
980 2453 1051 2523 in
1104 2451 1509 2549 primordio
1558 2452 2214 2548 Hierosolymitanae
2251 2454 2384 2525 viae
2414 2476 2610 2523 arma
2647 2478 2907 2525 assum-

798 2568 1062 2666 pserat)
1076 2622 1095 2657 ‚
1130 2568 1333 2639 omni
1377 2566 1647 2638 malitia
1681 2568 2059 2664 patrissare
2111 2592 2349 2639 semen
2401 2592 2712 2664 nequam
2761 2593 2906 2640 non

801 2682 1185 2754 desistebat
1222 2712 1243 2773 3
1314 2680 1439 2754 sed
1488 2706 1672 2779 quos
1724 2698 1928 2781 pater
1979 2682 2293 2779 flagellis,
2351 2699 2552 2782 patre
2607 2688 2912 2782 nequior

800 2798 1303 2896 scorpionibus
1356 2796 1674 2870 caedebat
1711 2800 1754 2871 ⁸.
1831 2802 2318 2871 Intumescens
2379 2800 2650 2897 quippe
2708 2798 2912 2896 quod

798 2914 1096 3010 impune
1133 2938 1485 3013 pauperes
1544 2914 1898 3004 ecclesias,
1957 2917 2382 2988 monasteria
2425 2914 2912 2987 crudelissime

739 3037 749 3049 '
800 3044 1273 3125 oppresserat,
1306 3053 1393 3099 eo
1430 3054 1658 3127 usque
1695 3027 1955 3127 pedem
1988 3032 2244 3125 movit,
2295 3031 2486 3103 unde
2518 3032 2918 3103 ceciderunt

802 3146 931 3242 qui
961 3161 1347 3239 operantur
1381 3148 1878 3245 iniquitatem-3
1948 3148 2230 3244 expulsi
2251 3164 2442 3236 sunt,
2493 3173 2621 3218 nec
2655 3165 2914 3243 potae-

803 3274 975 3329 runt
989 3260 1231 3329 πεινῶ.
1276 3261 1457 3331 Cum
1480 3260 1698 3356 igitur
1721 3284 1852 3332 nec
1876 3286 2117 3356 regem
2141 3263 2491 3353 omnium,
2517 3286 2649 3333 nec
2669 3284 2912 3356 regem

800 3378 1235 3446 Francorum
1250 3376 1487 3471 magni
1516 3375 1837 3467 duceret,
1873 3375 2386 3448 nobilissimam
2403 3380 2916 3448 Carnotensem

800 3491 1261 3583 comitissam,
1295 3516 1463 3563 cum
1496 3490 1647 3564 filio
1677 3491 2115 3582 Theohald0‚
2150 3493 2638 3590 pulcherrimo
2648 3491 2916 3588 juvene

800 3620 873 3678 et
924 3607 1141 3679 armis
1207 3622 1537 3700 strenuo,
1602 3631 1992 3703 aggressuS,
2054 3622 2318 3681 terram
2381 3632 2636 3680 eorum
2685 3630 2912 3704 usque

884 3840 940 3898 1.
984 3838 1073 3896 Ita
1098 3838 1499 3915 corrigendum
1527 3857 1601 3898 ex
1625 3838 1762 3898 cod.
1793 3841 1910 3898 135
1937 3850 1997 3897 et
2021 3838 2390 3900 editionibus.
2431 3874 2513 3886 —
2552 3842 2730 3919 Angit
2749 3850 2910 3917 quat.

800 3925 1010 4007 reliqui
1036 3928 1207 3989 codd.

879 4026 939 4084 Ξ.
976 4022 1161 4101 Vulgi>
1179 4028 1261 4081 Le
1284 4028 1481 4085 Paiset
1515 4022 2002 4105 (Eure-et-Loe’r).
2029 4056 2108 4070 —
2140 4028 2313 4105 Hugo
2334 4024 2555 4107 junior,
2593 4024 2916 4085 vicecomes

800 4118 1191 4193 CarnotensiS,
1219 4118 1443 4177 Puteoli
1465 4118 1785 4178 dominium
1797 4118 2045 4197 adeptus
2066 4139 2164 4181 an.
2190 4124 2256 4179 11
2270 4122 2367 4179 08.

884 4216 942 4273 3.
983 4210 1202 4271 alludit
1225 4211 1499 4293 Sugerius
1525 4210 1720 4271 verbis
1741 4211 1876 4271 libri
1903 4216 2126 4290 Regum
2161 4212 2334 4289 tertii,
2359 4233 2467 4293 xn,
2497 4216 2596 4273 11·

882 4306 940 4361 la.
970 4303 1183 4365 Psalm.
1214 4324 1355 4375 xxv,
1380 4307 1479 4363 13.
