3275 5317
1286 603 1647 662 CHARTES.
2407 604 2523 663 329

408 735 907 810 constituimus
952 762 969 807 t
1005 734 1335 807 videlicet
1370 734 1906 833 'l'heophaniam
1925 744 1978 829 ¹,
2025 736 2526 810 Ascensionem

409 852 739 941 Domini,
774 852 995 923 sancti
1041 850 1380 923 Johannis
1412 852 1738 950 Baptistae
1771 852 2223 924 Nativitatem
2242 906 2261 937 ,
2303 850 2526 924 beatae

412 968 645 1040 Mariae
695 965 1120 1063 Magdalenae
1168 964 1782 1062 demigrationem,
1827 981 2070 1041 ortum
2107 966 2528 1039 beatissimae

412 1114 837 1189 semperque
880 1089 1173 1186 virginis
1223 1090 1483 1181 Mariae,
1531 1090 2220 1189 preciosissimorum
2261 1104 2522 1185 marty-

410 1232 575 1278 rum
606 1204 1078 1276 Thebaeorum
1119 1205 1668 1278 solemnitatem.
1731 1205 2035 1301 Singulis
2077 1221 2319 1278 autem
2353 1229 2526 1302 prae-

414 1322 574 1393 fatis
618 1318 1189 1391 solemnitatibus
1231 1335 1523 1392 centum
1550 1321 1798 1416 viginti
1845 1320 2138 1407 solidOS‚
2158 1319 2252 1392 ad
2296 1334 2526 1392 tanta-

414 1462 577 1510 rum
595 1434 817 1507 exalta
826 1434 1101 1507 tionem
1120 1435 1569 1534 fratrumque
1582 1450 2000 1507 nostrorum
2029 1436 2522 1526 refectionem,

412 1574 728 1650 quorum
787 1550 1143 1645 sexaginta
1204 1549 1472 1623 solidos
1529 1550 1619 1623 de
1678 1551 1976 1650 praefato
2033 1550 2378 1649 pedagico
2457 1566 2530 1623 et

414 1662 771 1758 sexaginta
845 1659 937 1732 de
1007 1664 1472 1761 praepositura
1536 1663 1910 1735 vilcassini
1974 1661 2470 1761 persolventur
2506 1716 2527 1753 ‚

412 1778 875 1851 vehementer
924 1775 1459 1849 confirmamus.
1500 1776 1717 1866 Quod
1749 1776 1806 1849 si
1856 1802 2025 1850 casu
2070 1800 2530 1875 quocumque

414 1892 531 1965 vel
583 1892 959 1965 occasione
1012 1892 1273 1989 aliqua,
1339 1892 1540 1990 quod
1597 1892 1816 1984 absit,
1872 1891 2147 1991 praefati
2200 1891 2526 1965 redditus

418 2006 992 2080 diminuerentur
1024 2008 1263 2096 nimiS,
1307 2023 1434 2080 aut
1482 2010 1781 2080 omnino
1814 2006 2227 2099 deficerent,
2267 2030 2352 2078 ex
2381 2006 2532 2079 aliis

421 2122 731 2195 ecclesiae
770 2121 988 2219 hujus
1040 2123 1440 2197 redditibus
1486 2124 1804 2223 suppleri
1853 2138 1926 2195 et
1965 2122 2059 2194 ab
2116 2122 2380 2195 abbate
2425 2148 2534 2195 re-

419 2238 716 2310 formari
726 2260 927 2334 aeque
942 2236 1073 2308 Dei
1087 2236 1596 2335 omnipotentis
1613 2237 2038 2308 auctoritate
2055 2238 2502 2335 praecipimus
2513 2292 2528 2309 .

517 2350 1043 2425 Refectionibus
1109 2375 1400 2449 quoque
1477 2374 1735 2422 eorum
1817 2352 2232 2450 vespertinis
2263 2405 2282 2442 ,
2355 2376 2532 2449 quas

419 2469 671 2544 dicunt
713 2494 985 2557 coenaS,
1048 2469 1389 2565 quoniam
1446 2492 1487 2539 a
1543 2492 1772 2566 puero
1827 2485 1899 2541 et
1947 2468 2307 2541 cotidiana
2377 2468 2534 2541 offi-

417 2583 614 2656 cialis
632 2587 657 2623 ¹
682 2608 929 2657 earum
973 2582 1490 2656 declamatione
1528 2582 1886 2682 aliquibus
1926 2584 2391 2679 cognovimus
2423 2584 2535 2655 in-

418 2700 656 2795 digere
679 2700 1160 2791 incrementis»,
1176 2700 1531 2773 decimam
1556 2699 1648 2772 de
1667 2702 1928 2771 Sancto
1971 2698 2276 2793 Luciano
2291 2698 2536 2770 usibus

413 2817 679 2888 nostris
712 2815 1233 2888 deservientem
1260 2813 1699 2888 contulimus
1733 2842 1749 2887 t
1778 2838 1868 2886 eo
1902 2812 2232 2886 videlicet
2254 2829 2531 2906 tenore,

422 2947 500 3004 ut
525 2926 811 3003 exinde⁸
835 2930 1397 3002 anniversarium
1428 2945 1761 3003 nostrum
1792 2943 1957 3029 post
1992 2928 2362 3002 decessum
2397 2929 2537 3000 hu-

415 3046 533 3143 jus
561 3047 724 3118 vitae
754 3046 829 3116 in
863 3061 1292 3144 perpetuum
1322 3044 1611 3135 faciant,
1649 3059 1722 3116 et
1753 3045 1826 3115 in
1856 3069 1944 3116 eo
1984 3043 2236 3116 decem
2267 3044 2538 3118 solidos

416 3160 789 3233 refectioni
830 3185 973 3232 suae
1010 3184 1052 3231 a
1096 3160 1451 3232 monacho
1494 3175 1860 3233 coeuatore
1881 3163 1905 3199 ⁸
1933 3161 2304 3261 recipiant.
2340 3164 2539 3249 Qua-

424 3291 723 3374 propter
760 3300 803 3345 a
860 3276 1241 3347 carissimis
1284 3274 1625 3347 fratribus
1669 3274 1976 3373 filiisque
2015 3277 2314 3366 nostris»,
2370 3300 2538 3349 cum

424 3396 693 3495 quibus
722 3395 1035 3467 divinam
1076 3394 1389 3491 effugere
1420 3396 1982 3492 indignationem
2012 3412 2084 3467 et
2130 3397 2536 3467 misericor-

422 3512 618 3585 diam
646 3513 925 3609 assequi
963 3511 1266 3584 sollicite
1307 3526 1811 3610 praeoptamu5‚
1851 3525 2110 3609 praeter
2147 3508 2538 3607 peculiares

421 3652 676 3699 eorum
734 3626 1091 3698 orationes
1151 3624 1331 3697 dum
1394 3626 1527 3698 hac
1581 3626 1741 3698 luce
1788 3624 2114 3721 praoeenti
2159 3622 2483 3721 potimur
2504 3680 2523 3711 ‚

422 3740 624 3813 omni
676 3740 925 3839 quinta
965 3754 1038 3812 et
1086 3742 1384 3837 septima
1426 3739 1599 3812 feria
1646 3762 1790 3835 qua
1834 3737 2139 3835 praefatae
2185 3735 2539 3809 celebrari

502 3976 566 4033 1.
603 3973 1029 4049 Theophanem
1058 3972 1309 4036 chartul.
1339 3984 1399 4033 et
1413 3972 1507 4033 ed.
1530 3970 1744 4033 Chesn.

502 4068 565 4126 2.
594 4072 650 4125 A
663 4078 941 4141 prm-ento
965 4079 1020 4124 et
1046 4068 1336 4124 cotidiana
1362 4066 1723 4143 officialium,
1756 4061 1926 4135 male,
1956 4060 2094 4126 edit.
2115 4060 2377 4122 Dubleti.

504 4165 563 4219 3.
598 4162 677 4220 Ut
710 4174 768 4217 et
819 4160 952 4217 inde
976 4158 1071 4222 ed.
1098 4158 1307 4220 Chesn.

504 4254 566 4311 4.
598 4250 712 4325 Qui
750 4264 1010 4333 tempore
1042 4255 1111 4312 P.
1140 4250 1396 4324 Dubleti,
1428 4264 1492 4311 ut
1525 4251 1648 4330 ipse
1685 4250 1976 4324 observat,
2011 4247 2200 4308 adhuc
2235 4266 2539 4327 nuncupa-

422 4330 595 4391 batur
616 4332 843 4393 Cenier.
