3275 5317
800 609 834 665 6
1220 605 1548 663 OEtivnns
1591 586 2014 661 commi-Es
2054 604 2153 660 DE
2196 602 2464 663 SUGER.

792 764 954 810 rum
981 737 1324 809 Ludovici
1351 751 1544 835 gesta
1568 733 1982 835 approbatae
2008 734 2316 807 scientiae
2342 749 2586 805 vestrae
2614 733 2907 808 arbitrio

793 852 1236 949 delegamuS,
1276 866 1355 923 ut
1400 851 1568 949 quia
1618 850 1831 922 nobis
1876 851 2353 923 communiter
2389 850 2907 949 promovendis

790 982 862 1039 et
893 967 1241 1066 promotis
1285 966 1828 1063 benignissimus
1875 967 2098 1039 extitit
2142 965 2507 1056 dominuS,
2554 990 2685 1061 ego
2732 967 2905 1038 scri-

788 1082 1068 1171 hendo,
1106 1106 1235 1152 vos
1269 1080 1697 1178 corrigendo
1724 1136 1743 1169 ,
1782 1106 1999 1179 quem
2031 1081 2301 1180 pariter
2332 1080 2747 1154 amabamus
2773 1107 2903 1181 pa-

787 1198 957 1269 riter
989 1213 1057 1269 et
1090 1196 1550 1269 decantemus
1583 1212 1653 1269 et
1689 1195 2167 1295 deploremus.
2208 1200 2452 1294 Neque
2489 1197 2683 1268 enim
2721 1198 2905 1269 cari-

785 1314 911 1385 tati
934 1328 1279 1412 repugnat
1309 1313 1522 1385 etiam
1547 1310 1913 1383 beneficiis
1944 1326 2352 1411 comparata
2374 1312 2706 1405 amicitia,
2732 1338 2901 1386 cum

785 1429 908 1527 qui
945 1430 1268 1501 inimicos
1297 1428 1589 1525 diligere
1625 1428 1969 1525 praecipit,
2001 1428 2269 1499 amicos
2306 1452 2455 1499 non
2490 1427 2893 1526 probibeat.

783 1545 1066 1644 Duplici
1107 1568 1277 1641 ergo
1315 1558 1418 1634 et,
1461 1542 1624 1615 licet
1670 1542 1973 1641 dispari,
2024 1567 2168 1615 non
2230 1558 2465 1616 tamen
2517 1544 2897 1647 opposito,

783 1658 1113 1732 beneficii
1128 1674 1200 1730 et
1225 1660 1534 1733 caritatis
1565 1656 1837 1752 debite,
1858 1658 2264 1731 excidamus
2284 1660 2349 1731 ei
2365 1678 2895 1733 monumentum

783 1799 923 1845 aere
947 1776 1340 1871 perennius
1355 1778 1400 1861 ¹,
1425 1798 1594 1845 cum
1630 1789 1702 1845 et
1733 1774 1884 1869 ejus
1914 1776 2103 1847 circa
2134 1774 2406 1847 cultum
2442 1775 2897 1848 ecclesiarum

784 1889 918 1961 Dei
981 1888 1476 1980 devotionem,
1535 1904 1604 1959 et
1667 1890 1855 1961 circa
1914 1891 2115 1985 regni
2178 1905 2439 1964 statum
2494 1889 2898 1964 mirabilem

785 2005 967 2101 stylo
1025 2004 1525 2076 tradiderimus
1589 2006 2075 2079 strenuitatem
2111 2033 2132 2096 3
2201 2008 2403 2106 cujus
2462 2032 2597 2080 nec
2661 2008 2900 2106 aliqua

783 2135 1193 2219 temporum
1234 2120 1729 2193 immutatione
1760 2120 1977 2194 deleri
2010 2121 2241 2195 valeat
2286 2124 2657 2213 memoria,
2690 2148 2825 2195 nec
2853 2148 2898 2197 a

783 2236 1240 2333 generatione
1264 2236 1346 2306 in
1381 2238 1911 2333 generationem
1938 2236 2387 2334 suffragantis
2406 2238 2731 2311 Ecclesiae
2762 2264 2894 2335 pro

781 2352 1119 2451 impensis
1163 2350 1524 2423 beneficiis
1574 2354 1984 2425 orationum
2026 2353 2311 2427 desistat
2358 2355 2714 2427 instantia.
2751 2358 2895 2427 Va·

781 2464 919 2539 leat
954 2466 1294 2541 celsitudo
1337 2485 1568 2542 vestra
1605 2468 1791 2541 inter
1824 2468 1984 2543 coeli
2026 2486 2381 2543 senatores
2422 2469 2720 2543 feliciter
2748 2472 2895 2570 epi·

781 2585 1119 2682 scopari*-

862 2817 919 2873 1.
965 2813 1192 2873 Horatii
1218 2813 1408 2873 Flacci
1432 2813 1537 2873 lib.
1568 2782 1678 2889 in,
1716 2815 1817 2874 od.
1851 2817 1953 2874 30.

859 2909 920 2968 2.
963 2902 1072 2963 Hic
1118 2906 1272 2965 solus
1311 2908 1445 2966 cod.
1490 2906 1779 2965 recentior
1822 2910 1978 2995 6265
2023 2908 2223 2983 adjicit
2256 2932 2271 2971 ε
2314 2916 2573 2988 Explicit
2602 2917 2890 2991 prologus.

780 3003 1070 3075 Incipiunt
1097 3013 1257 3077 gesta
1285 3003 1550 3088 Ludovict'
1570 3008 1747 3079 regis,
1773 3017 2121 3079 cognomento
2152 3007 2363 3065 Grossi.
