3275 5317
998 574 1114 631 εστ.
1432 572 1762 631 OEUVRES
1800 557 2228 629 commus
2265 574 2366 629 m:
2405 553 2671 631 succa.

994 705 1367 776 consuevit
1388 703 1804 801 inquietare.
1837 702 2110 775 Placeat
2137 703 2352 801 igitur
2375 702 2816 777 Excellentiae
2839 720 3012 776 vestrm

993 819 1087 891 ab
1118 818 1229 891 his
1258 819 1594 891 molestiis
1626 844 1742 891 eas
1773 818 2070 915 eripere,
2112 835 2209 910 et,
2255 835 2335 891 ut
2369 820 2440 891 in
2468 845 2646 919 pace
2679 824 2824 892 Deo
2849 822 3013 893 deser-

992 932 1213 1021 viant,
1265 932 1364 1002 eis
1403 931 1479 1002 in
1532 928 1997 1003 multitudine
2031 930 2528 1003 misericordiae
2573 946 2814 1003 vestrae
2845 934 3010 1030 provi

992 1046 1187 1137 dere,
1212 1046 1346 1117 sub
1372 1047 1818 1143 protectione
1837 1046 1965 1117 Dei
1987 1044 2144 1117 coeli
2168 1060 2240 1117 et
2264 1060 2496 1117 vestra
2513 1046 2878 1145 apostoliea
2901 1073 3008 1119 auc-

992 1162 1277 1233 toritate
1309 1162 1687 1233 confovere
1715 1176 1787 1232 et
1816 1174 2188 1258 protegere
2219 1187 2236 1230 ε
2273 1174 2520 1259 utpote
2555 1175 2822 1233 tantum
2865 1176 3006 1233 tantae

987 1276 1345 1372 religionis
1398 1277 1637 1348 locum
1666 1330 1685 1368 ‚
1722 1266 1728 1272 ’
1765 1299 2020 1373 quem,
2089 1299 2256 1347 cum
2309 1276 2383 1347 in
2439 1276 2763 1375 partibus
2813 1277 2919 1347 illis
2963 1278 3006 1346 in

989 1390 1251 1463 scholis
1298 1416 1637 1482 essemuS,
1673 1392 1952 1463 noviter
2000 1386 2391 1489 incoeptum
2439 1416 2596 1463 esse
2641 1391 2929 1481 vidimus,
2962 1408 3004 1461 et

984 1532 1115 1607 per
1165 1507 1299 1580 Dei
1350 1507 1793 1579 voluntatem
1856 1506 2005 1579 fere
2065 1505 2159 1578 ad
2221 1522 2534 1605 quatuor
2593 1523 2716 1579 aut
2769 1510 3003 1604 quinque

988 1624 1211 1695 millia
1256 1622 1902 1695 sanctimonialium
1943 1622 2093 1719 jam
2133 1623 2522 1695 excrevisse
2571 1622 2931 1695 audivimus
2957 1633 3000 1688 et

989 1737 1436 1831 gaudemus¹.

1156 2120 1248 2168 XV
1262 2158 1273 2171 .
1346 2120 1445 2169 AD
1508 2120 1815 2169 Gummi>
1823 2120 1924 2168 tm
1981 2120 2302 2169 courum
2363 2119 2886 2171 ANDEGAVBRSBE

1470 2219 1559 2266 m*
1602 2216 2022 2267 MATHILDEM
2074 2220 2624 2269 lupm‘rmcffl.

984 2483 1169 2555 Suger
1197 2482 1457 2554 exprime
1482 2498 1561 2534 au
1588 2490 1760 2539 comte
1785 2474 2033 2551 d’Anjou
2057 2488 2174 2534 tout
2199 2480 2257 2533 le
2291 2478 2528 2555 chagrin
2565 2497 2674 2553 que
2705 2481 2783 2533 lue·
2813 2490 2938 2531 cause
2956 2488 2995 2524 ⁵⁰

1065 2574 1314 2647 quet-elle
1351 2592 1482 2628 avec
1520 2574 1578 2628 le
1614 2576 1704 2627 roi
1739 2573 1814 2627 de
1845 2574 2087 2629 statice.
2117 2574 2177 2629 Il
2219 2574 2306 2627 lut·
2327 2585 2560 2647 promet
2593 2574 2668 2628 de
2707 2570 2993 2642 s’e‘merpostr·

1066 2684 1272 2724 comme
1321 2670 1370 2721 il
1399 2668 1483 2719 l’a
1524 2666 1639 2740 fait
1678 2664 1953 2739 autrefois
1985 2683 2055 2721 en
2089 2665 2290 2740 favem-
2325 2666 2398 2721 de
2434 2669 2524 2721 roi
2569 2663 2937 2743 d'Angletem,
2963 2670 2996 2709 et

1064 2758 1339 2817 I'eaehorte
1365 2758 1404 2817 ὰ
1429 2757 1754 2815 rechercher
1777 2759 2076 2815 lui-me‘me
2104 2759 2162 2813 Ia
2177 2762 2354 2833 pai-2⁴.

1843 2916 2239 2998 (1149-1150)

1078 3133 1371 3229 Egregio
1415 3131 1661 3204 comiti
1709 3131 2249 3227 Andegavorum
2297 3146 2371 3203 et
2422 3128 2594 3203 duci
2636 3136 2992 3203 Normanno-

982 3272 1145 3321 rum
1186 3250 1315 3320 G.²
1354 3264 1567 3345 atque
1614 3246 1844 3319 nobili
1884 3248 2312 3346 imperatrici
2353 3246 2706 3339 mathildi,
2749 3244 2994 3341 sugerius

982 3366 1170 3436 Beati
1200 3365 1519 3463 Dionysii
1546 3361 1798 3457 abbas»,
1839 3364 2136 3436 salutem
2167 3378 2240 3435 et
2268 3362 2744 3434 dilectionem.

988 3458 995 3473 ’
1078 3482 1368 3553 Noverit
1408 3480 1800 3552 nobilitatis
1843 3495 2092 3551 vestrae
2143 3478 2490 3551 celsitudo
2544 3475 2990 3550 contentionem

976 3599 1194 3689 illam,
1218 3622 1374 3695 quae
1395 3598 1581 3669 inter
1608 3621 1736 3668 vos
1763 3611 1835 3668 et
1861 3596 2237 3669 dominum
2261 3612 2586 3667 nostrum
2606 3618 2827 3690 regem
2853 3594 2996 3659 Fran·

973 3738 1225 3785 corum
1245 3715 1557 3805 emersit,
1584 3712 1792 3784 valde
1809 3712 2020 3784 nobis
2042 3710 2411 3808 displicere
2427 3768 2444 3803 ‚
2481 3726 2640 3782 tum
2663 3734 2788 3808 pro
2811 3726 2988 3777 amore

974 3828 1129 3914 Dei,
1166 3829 1290 3924 qui
1317 3830 1509 3925 pacis
1540 3842 1790 3898 auctor
1820 3842 1925 3898 est
1955 3842 2028 3899 et
2052 3841 2328 3897 amator
2350 3879 2370 3918 ,
2413 3841 2574 3897 tum
2609 3849 2740 3923 pro
2777 3840 2995 3919 oppres·

972 3943 1172 4013 sione
1197 3968 1618 4042 pauperum,
1658 3967 1874 4039 quam
1903 3941 2262 4033 dolemuS,
2303 3958 2459 4013 tum
2489 3966 2623 4039 pro
2655 3962 2815 4039 pace
2833 3947 2994 4003 vestm

1055 4191 1112 4248 1.
1144 4192 1229 4249 Ex
1257 4190 1491 4267 Chesn.,
1524 4194 1625 4259 lv,
1657 4192 1792 4249 522.
1825 4226 1906 4238 —
1933 4199 2066 4255 Rer.
2085 4196 2281 4271 gallic.
2307 4199 2596 4271 scriptor„
2617 4193 2744 4261 XV,
2773 4190 2888 4245 513.
2961 4162 2970 4177 ⁸

1054 4288 1114 4345 2.
1141 4285 1440 4348 Gausrido.
