3275 5317
872 600 987 657 234
1303 592 1632 651 OEuvnsss
1673 574 2102 651 commus
2141 592 2242 647 m:
2281 590 2550 652 suom.

874 726 1134 801 militer
1166 748 1639 820 rogassemus,
1673 722 2018 795 humilius
2047 722 2218 795 satis
2243 745 2372 820 per
2399 722 2712 822 seipsum
2741 738 2816 795 et
2857 746 2982 822 per

872 870 1037 917 suos
1070 844 1214 914 hoc
1244 866 1321 914 se
1353 838 1658 913 libenter
1694 839 2046 912 facturum
2078 838 2475 939 respondit.

972 964 1475 1031 pernoctantes
1522 957 1765 1053 itaque
1821 969 1972 1027 tota
2009 970 2228 1029 nocte
2257 955 2657 1052 vespertina
2689 958 2980 1027 matuti-

870 1098 1135 1147 norum
1168 1072 1415 1171 synaxi
1454 1072 1529 1143 in
1560 1071 1854 1143 laudem
1885 1070 2318 1161 Divinitatis,
2353 1076 2596 1143 Jesum
2627 1071 2984 1144 Christum

874 1192 1275 1264 Dominum
1324 1202 1658 1261 nostrum
1689 1186 2272 1286 propitiationem
2321 1211 2459 1285 pro
2499 1186 2808 1283 peccatis
2839 1212 2970 1260 nos

874 1306 999 1379 tris
1051 1306 1318 1378 factum
1337 1360 1358 1397 ,
1412 1303 1748 1400 quatinus
1793 1328 1930 1401 pro
1959 1326 2090 1374 suo
2131 1302 2410 1375 honore
2447 1316 2520 1375 et
2565 1306 2986 1375 Sanctorum

872 1446 1167 1497 suorum
1190 1444 1439 1499 amore
1468 1434 1796 1491 sanctum
1828 1416 2074 1491 locum
2097 1417 2655 1491 misericorditer
2673 1420 2980 1509 visitare,

874 1554 945 1613 et
992 1538 1207 1611 sacris
1260 1536 1666 1609 actionibus
1721 1558 1870 1606 non
1929 1550 2211 1607 tantum
2270 1534 2784 1631 potentialiter,
2869 1534 2986 1609 sed

875 1656 1090 1727 etiam
1168 1651 1641 1751 personaliter
1704 1649 1949 1721 adesse
2017 1650 2457 1746 dignaretur,
2536 1647 2988 1721 devotissime

874 1766 1393 1865 flagitabamus.
1482 1766 1705 1862 Igitur
1779 1790 2066 1837 summo
2150 1788 2364 1838 mane
2449 1766 2984 1873 archiepiscopi,

874 1884 1225 1983 episcopi,
1272 1882 1365 1953 de
1406 1882 1715 1980 propriis
1773 1880 2096 1980 hospitiis
2136 1906 2303 1953 cum
2354 1880 2880 1953 archidiaconis
2924 1897 2986 1953 et

875 2000 1267 2074 abbatibus
1314 2014 1387 2071 et
1432 1998 1589 2070 aliis
1622 1998 1946 2070 honestis
1977 1997 2302 2095 personis
2343 1996 2438 2069 ad
2469 1996 2844 2069 ecclesiam
2885 2021 2984 2069 ac-

874 2114 1235 2207 cedentes,
1270 2113 1772 2211 episcopaliter
1805 2136 1880 2185 se
1903 2112 2464 2211 componebant,
2499 2128 2570 2184 et
2601 2112 2694 2185 ad
2719 2112 2984 2185 dolium

876 2256 1007 2333 pro
1044 2230 1582 2305 consecratione
1608 2254 1960 2327 aquarum
1989 2230 2343 2329 superiuS,
2364 2230 2550 2301 inter
2577 2243 2979 2301 sanctorum

872 2350 1263 2443 Martyrum
1294 2346 1696 2444 sepulturas
1730 2360 1803 2418 et
1848 2346 2072 2417 sancti
2122 2345 2514 2417 Salvatoris
2542 2343 2796 2436 altare,
2829 2345 2982 2417 satis

876 2462 1239 2553 decenter,
1282 2462 1447 2533 satis
1494 2461 1996 2535 venerabiliter
2053 2459 2496 2535 assistebant.
2541 2461 2864 2552 VidereS,
2919 2475 2982 2531 et

876 2578 1001 2676 qui
1046 2577 1344 2651 aderant
1376 2602 1522 2651 non
1568 2580 1720 2649 sine
1761 2576 2145 2650 devotione
2194 2602 2452 2673 magna
2483 2575 2852 2668 videbant,
2887 2591 2988 2649 tot

876 2708 1244 2766 tantorum
1276 2693 1614 2766 choream
1640 2692 2065 2791 pontificum
2095 2692 2405 2766 vestibus
2425 2692 2609 2765 albis
2624 2691 2978 2785 decoram,

874 2810 1107 2882 mitris
1158 2808 1692 2907 pontificalibus
1731 2825 1804 2882 et
1833 2810 2193 2883 circinatis
2245 2808 2616 2883 aurifrisiis
2668 2810 2986 2909 pretiosis

878 2923 1278 2997 admodum
1306 2940 1691 3017 comatam,
1707 2924 2094 3022 pastorales
2121 2926 2355 3022 virgas
2377 2924 2708 2997 manibus
2720 2940 2982 3015 tenere,

880 3039 1340 3111 circumcirca
1384 3040 1667 3113 dolium
1715 3040 2018 3132 ambire,
2081 3066 2348 3114 nomen
2399 3042 2692 3114 Domini
2727 3041 2984 3111 exorci-

882 3153 1112 3227 zando
1156 3156 1533 3245 invocare3
1595 3172 1744 3228 tam
1785 3156 2133 3251 gloriosos
2195 3173 2268 3230 et
2296 3154 2748 3229 admirabiles
2805 3157 2988 3227 viros

880 3269 1125 3342 aeterni
1164 3270 1407 3368 sponsi
1463 3271 1752 3371 nuptias
1807 3286 1954 3343 tam
2011 3273 2128 3370 pie
2190 3271 2573 3363 celebrare,
2622 3289 2706 3343 ut
2757 3271 2988 3369 potius

882 3387 1149 3459 chorus
1190 3386 1491 3459 coelestis
1522 3410 1745 3483 quam
1799 3402 2152 3476 terreum,
2192 3412 2374 3485 opus
2427 3386 2746 3459 divinum
2779 3410 2986 3483 quam

882 3504 1307 3593 humanum,
1368 3518 1515 3575 tam
1559 3504 1708 3599 regi
1753 3527 1972 3600 quam
2009 3504 2358 3576 assistenti
2397 3502 2752 3575 nobilitati
2797 3500 2986 3572 vide·

880 3634 1077 3691 retur
1102 3643 1463 3717 apparere.
1492 3618 1806 3717 Populus
1839 3619 2032 3691 enim
2050 3643 2185 3717 pro
2199 3619 2627 3692 intolerabili
2643 3619 2986 3713 magnitu-

886 3733 1073 3805 dinis
1100 3758 1241 3805 suae
1271 3736 1543 3832 impetu
1576 3733 1751 3805 foris
1789 3733 2160 3830 agebatur,
2197 3750 2269 3807 et
2300 3734 2478 3807 dum
2509 3734 2773 3806 chorus
2817 3757 2986 3831 prae-

888 3850 1073 3921 fatus
1150 3872 1414 3947 aquam
1491 3849 1950 3923 benedictam
2031 3866 2252 3942 extra,
2332 3849 2611 3948 hysopo
2695 3845 2990 3920 ecclesiae

886 3965 1185 4064 parietes
1226 3965 1541 4037 virtuose
1601 3966 2069 4061 aspergendo,
2135 3965 2548 4064 projiciebat
2575 4018 2598 4057 ,
2661 3988 2786 4037 rex
2850 3963 2990 4061 ipse

886 4082 1177 4177 ejusque
1208 4078 1632 4151 decuriones
1677 4081 2201 4153 tumultuosum
2247 4085 2599 4179 impetum
2631 4078 2986 4164 arcebant,

888 4212 961 4269 et
979 4196 1191 4291 virgis
1216 4210 1288 4267 et
1303 4193 1575 4267 baculis
1612 4197 2088 4293 regredientes
2119 4198 2212 4270 ad
2234 4212 2476 4297 portas
2499 4196 2980 4296 protegebant.

985 4313 1133 4382 VII.
1178 4313 1270 4382 Ut
1299 4325 1566 4403 autem,
1601 4314 1903 4411 peractis
1937 4312 2300 4389 ordinarie
2339 4328 2595 4388 sanctae
2637 4336 2990 4389 consecra·
