<?xml version="1.0" encoding="UTF-8"?>
<!DOCTYPE html PUBLIC "-//W3C//DTD XHTML 1.0 Transitional//EN"
    "http://www.w3.org/TR/xhtml1/DTD/xhtml1-transitional.dtd">
<html xmlns="http://www.w3.org/1999/xhtml" xml:lang="en" lang="en">
 <head>
  <title>
</title>
<meta http-equiv="Content-Type" content="text/html;charset=utf-8" />
  <meta name='ocr-system' content='tesseract 3.04.00' />
  <meta name='ocr-capabilities' content='ocr_page ocr_carea ocr_par ocr_line ocrx_word'/>
</head>
<body>
  <div class='ocr_page' id='page_1' title='image "./oeuvrescompltes00marcgoog_0378.png"; bbox 0 0 3275 5317; ppageno 0'>
   <div class='ocr_carea' id='block_1_1' title="bbox 1179 574 2412 635">
    <p class='ocr_par' dir='ltr' id='par_1_1' title="bbox 1179 574 2412 635">
     <span class='ocr_line' id='line_1_1' title="bbox 1179 574 2412 635; baseline 0.003 -4"><span class='ocrx_word' id='word_1_1' title='bbox 1179 574 1531 633; x_wconf 75' lang='lat' dir='ltr'><strong>CHARTES.</strong></span> <span class='ocrx_word' id='word_1_2' title='bbox 2295 579 2412 635; x_wconf 63' lang='lat'>3¹15</span> 
     </span>
    </p>
   </div>
   <div class='ocr_carea' id='block_1_2' title="bbox 292 706 2416 2074">
    <p class='ocr_par' dir='ltr' id='par_1_2' title="bbox 292 706 2416 2074">
     <span class='ocr_line' id='line_1_2' title="bbox 296 706 2412 807; baseline -0.001 -26"><span class='ocrx_word' id='word_1_3' title='bbox 296 725 618 783; x_wconf 84' lang='lat' dir='ltr'>extremo</span> <span class='ocrx_word' id='word_1_4' title='bbox 678 710 972 781; x_wconf 84' lang='lat' dir='ltr'>districti</span> <span class='ocrx_word' id='word_1_5' title='bbox 1022 708 1360 779; x_wconf 81' lang='lat' dir='ltr'>examinis</span> <span class='ocrx_word' id='word_1_6' title='bbox 1394 706 1695 779; x_wconf 83' lang='lat' dir='ltr'>terribili</span> <span class='ocrx_word' id='word_1_7' title='bbox 1745 708 1888 799; x_wconf 90' lang='lat' dir='ltr'>die,</span> <span class='ocrx_word' id='word_1_8' title='bbox 1949 714 2167 807; x_wconf 70' lang='lat' dir='ltr'>Euge,</span> <span class='ocrx_word' id='word_1_9' title='bbox 2218 734 2412 780; x_wconf 75' lang='lat' dir='ltr'>serve</span> 
     </span>
     <span class='ocr_line' id='line_1_3' title="bbox 297 795 2413 924; baseline -0 -29"><span class='ocrx_word' id='word_1_10' title='bbox 297 823 477 896; x_wconf 85' lang='lat' dir='ltr'>bone</span> <span class='ocrx_word' id='word_1_11' title='bbox 499 840 570 897; x_wconf 80' lang='lat' dir='ltr'>ec</span> <span class='ocrx_word' id='word_1_12' title='bbox 592 824 864 924; x_wconf 59' lang='lat' dir='ltr'>fidelis-¹</span> <span class='ocrx_word' id='word_1_13' title='bbox 892 847 935 895; x_wconf 87' lang='lat' dir='ltr'>a</span> <span class='ocrx_word' id='word_1_14' title='bbox 954 825 1271 895; x_wconf 90' lang='lat' dir='ltr'>Domino</span> <span class='ocrx_word' id='word_1_15' title='bbox 1294 826 1447 894; x_wconf 93' lang='lat' dir='ltr'>Deo</span> <span class='ocrx_word' id='word_1_16' title='bbox 1471 847 1880 895; x_wconf 84' lang='lat' dir='ltr'>mereamur</span> <span class='ocrx_word' id='word_1_17' title='bbox 1896 823 2167 896; x_wconf 89' lang='lat' dir='ltr'>audire.</span> <span class='ocrx_word' id='word_1_18' title='bbox 2205 795 2413 895; x_wconf 73' lang='lat' dir='ltr'>Unde</span> 
     </span>
     <span class='ocr_line' id='line_1_4' title="bbox 293 938 2404 1037; baseline -0.001 -26"><span class='ocrx_word' id='word_1_19' title='bbox 293 940 577 1013; x_wconf 86' lang='lat' dir='ltr'>noverit</span> <span class='ocrx_word' id='word_1_20' title='bbox 608 955 754 1012; x_wconf 89' lang='lat' dir='ltr'>tam</span> <span class='ocrx_word' id='word_1_21' title='bbox 790 940 1243 1037; x_wconf 85' lang='lat' dir='ltr'>praesentium</span> <span class='ocrx_word' id='word_1_22' title='bbox 1294 962 1512 1035; x_wconf 88' lang='lat' dir='ltr'>quam</span> <span class='ocrx_word' id='word_1_23' title='bbox 1566 938 1979 1011; x_wconf 83' lang='lat' dir='ltr'>futurorum</span> <span class='ocrx_word' id='word_1_24' title='bbox 2031 938 2404 1027; x_wconf 88' lang='lat' dir='ltr'>industria,</span> 
     </span>
     <span class='ocr_line' id='line_1_5' title="bbox 295 1052 2402 1153; baseline -0 -26"><span class='ocrx_word' id='word_1_25' title='bbox 295 1054 498 1153; x_wconf 91' lang='lat' dir='ltr'>quod</span> <span class='ocrx_word' id='word_1_26' title='bbox 560 1080 693 1151; x_wconf 86' lang='lat' dir='ltr'>ego</span> <span class='ocrx_word' id='word_1_27' title='bbox 748 1055 1110 1150; x_wconf 81' lang='lat' dir='ltr'>Sugerius‚</span> <span class='ocrx_word' id='word_1_28' title='bbox 1171 1053 1481 1126; x_wconf 80' lang='lat' dir='ltr'>ecclesiae</span> <span class='ocrx_word' id='word_1_29' title='bbox 1527 1053 1723 1125; x_wconf 87' lang='lat' dir='ltr'>beati</span> <span class='ocrx_word' id='word_1_30' title='bbox 1783 1055 2102 1151; x_wconf 85' lang='lat' dir='ltr'>Dionysii</span> <span class='ocrx_word' id='word_1_31' title='bbox 2155 1052 2402 1141; x_wconf 87' lang='lat' dir='ltr'>abbas,</span> 
     </span>
     <span class='ocr_line' id='line_1_6' title="bbox 294 1168 2409 1258; baseline -0 -17"><span class='ocrx_word' id='word_1_32' title='bbox 294 1194 648 1241; x_wconf 89' lang='lat' dir='ltr'>consensu</span> <span class='ocrx_word' id='word_1_33' title='bbox 713 1170 1012 1241; x_wconf 83' lang='lat' dir='ltr'><strong>fratrum</strong></span> <span class='ocrx_word' id='word_1_34' title='bbox 1066 1183 1499 1254; x_wconf 88' lang='lat' dir='ltr'>nostrorum,</span> <span class='ocrx_word' id='word_1_35' title='bbox 1554 1168 1925 1240; x_wconf 89' lang='lat' dir='ltr'>ecclesiam</span> <span class='ocrx_word' id='word_1_36' title='bbox 1965 1169 2154 1241; x_wconf 89' lang='lat' dir='ltr'>beati</span> <span class='ocrx_word' id='word_1_37' title='bbox 2193 1168 2409 1258; x_wconf 81' lang='lat' dir='ltr'>Pauli,</span> 
     </span>
     <span class='ocr_line' id='line_1_7' title="bbox 294 1282 2407 1383; baseline 0.001 -26"><span class='ocrx_word' id='word_1_38' title='bbox 294 1309 459 1383; x_wconf 87' lang='lat' dir='ltr'>quae</span> <span class='ocrx_word' id='word_1_39' title='bbox 512 1285 711 1383; x_wconf 88' lang='lat' dir='ltr'>quasi</span> <span class='ocrx_word' id='word_1_40' title='bbox 756 1285 968 1383; x_wconf 89' lang='lat' dir='ltr'>capiti</span> <span class='ocrx_word' id='word_1_41' title='bbox 998 1282 1407 1355; x_wconf 85' lang='lat' dir='ltr'><strong>membrum</strong></span> <span class='ocrx_word' id='word_1_42' title='bbox 1439 1282 1750 1357; x_wconf 80' lang='lat' dir='ltr'>ecclesiae</span> <span class='ocrx_word' id='word_1_43' title='bbox 1782 1300 2042 1358; x_wconf 83' lang='lat' dir='ltr'>nostrae</span> <span class='ocrx_word' id='word_1_44' title='bbox 2090 1284 2407 1375; x_wconf 65' lang='lat' dir='ltr'>inhaeret,</span> 
     </span>
     <span class='ocr_line' id='line_1_8' title="bbox 295 1399 2412 1499; baseline 0 -26"><span class='ocrx_word' id='word_1_45' title='bbox 295 1400 655 1473; x_wconf 87' lang='lat' dir='ltr'>honorare</span> <span class='ocrx_word' id='word_1_46' title='bbox 677 1416 751 1473; x_wconf 90' lang='lat' dir='ltr'>et</span> <span class='ocrx_word' id='word_1_47' title='bbox 776 1399 1083 1473; x_wconf 86' lang='lat' dir='ltr'>exaltare</span> <span class='ocrx_word' id='word_1_48' title='bbox 1115 1399 1563 1473; x_wconf 85' lang='lat' dir='ltr'><strong>decrevimus</strong></span> <span class='ocrx_word' id='word_1_49' title='bbox 1594 1415 1668 1472; x_wconf 93' lang='lat' dir='ltr'>et</span> <span class='ocrx_word' id='word_1_50' title='bbox 1695 1402 2222 1499; x_wconf 80' lang='lat' dir='ltr'>proposuimuS,</span> <span class='ocrx_word' id='word_1_51' title='bbox 2258 1417 2412 1474; x_wconf 90' lang='lat' dir='ltr'>tum</span> 
     </span>
     <span class='ocr_line' id='line_1_9' title="bbox 295 1514 2416 1614; baseline 0 -27"><span class='ocrx_word' id='word_1_52' title='bbox 295 1516 465 1614; x_wconf 89' lang='lat' dir='ltr'>quia</span> <span class='ocrx_word' id='word_1_53' title='bbox 498 1515 686 1588; x_wconf 87' lang='lat' dir='ltr'>beati</span> <span class='ocrx_word' id='word_1_54' title='bbox 726 1514 919 1587; x_wconf 87' lang='lat' dir='ltr'>Pauli</span> <span class='ocrx_word' id='word_1_55' title='bbox 952 1516 1269 1610; x_wconf 82' lang='lat' dir='ltr'>magistri</span> <span class='ocrx_word' id='word_1_56' title='bbox 1309 1515 1623 1611; x_wconf 89' lang='lat' dir='ltr'>gentium</span> <span class='ocrx_word' id='word_1_57' title='bbox 1654 1515 2156 1612; x_wconf 66' lang='lat' dir='ltr'>praedicatione</span> <span class='ocrx_word' id='word_1_58' title='bbox 2183 1515 2416 1588; x_wconf 86' lang='lat' dir='ltr'>domi-</span> 
     </span>
     <span class='ocr_line' id='line_1_10' title="bbox 297 1628 2415 1730; baseline -0 -27"><span class='ocrx_word' id='word_1_59' title='bbox 297 1656 478 1703; x_wconf 89' lang='lat' dir='ltr'>num</span> <span class='ocrx_word' id='word_1_60' title='bbox 512 1647 588 1703; x_wconf 91' lang='lat' dir='ltr'>et</span> <span class='ocrx_word' id='word_1_61' title='bbox 614 1645 1101 1730; x_wconf 82' lang='lat' dir='ltr'><strong>protectorem</strong></span> <span class='ocrx_word' id='word_1_62' title='bbox 1125 1644 1450 1701; x_wconf 89' lang='lat' dir='ltr'>nostrum</span> <span class='ocrx_word' id='word_1_63' title='bbox 1472 1628 1765 1702; x_wconf 89' lang='lat' dir='ltr'>beatum</span> <span class='ocrx_word' id='word_1_64' title='bbox 1791 1632 2210 1728; x_wconf 87' lang='lat' dir='ltr'>Dionysium</span> <span class='ocrx_word' id='word_1_65' title='bbox 2231 1630 2415 1703; x_wconf 85' lang='lat' dir='ltr'>obti-</span> 
     </span>
     <span class='ocr_line' id='line_1_11' title="bbox 292 1743 2414 1843; baseline 0 -26"><span class='ocrx_word' id='word_1_66' title='bbox 292 1746 615 1837; x_wconf 80' lang='lat' dir='ltr'>nuimuS,</span> <span class='ocrx_word' id='word_1_67' title='bbox 662 1770 830 1817; x_wconf 87' lang='lat' dir='ltr'>cum</span> <span class='ocrx_word' id='word_1_68' title='bbox 888 1747 1059 1842; x_wconf 90' lang='lat' dir='ltr'>quia</span> <span class='ocrx_word' id='word_1_69' title='bbox 1101 1743 1446 1843; x_wconf 89' lang='lat' dir='ltr'>quicquid</span> <span class='ocrx_word' id='word_1_70' title='bbox 1504 1746 1569 1817; x_wconf 93' lang='lat' dir='ltr'>ei</span> <span class='ocrx_word' id='word_1_71' title='bbox 1622 1745 1916 1817; x_wconf 89' lang='lat' dir='ltr'>honoris</span> <span class='ocrx_word' id='word_1_72' title='bbox 1965 1761 2036 1818; x_wconf 92' lang='lat' dir='ltr'>et</span> <span class='ocrx_word' id='word_1_73' title='bbox 2093 1746 2414 1819; x_wconf 80' lang='lat' dir='ltr'>utilitatis</span> 
     </span>
     <span class='ocr_line' id='line_1_12' title="bbox 293 1860 2412 1959; baseline -0 -25"><span class='ocrx_word' id='word_1_74' title='bbox 293 1862 764 1949; x_wconf 76' lang='lat' dir='ltr'>conferimuS,</span> <span class='ocrx_word' id='word_1_75' title='bbox 807 1861 1147 1959; x_wconf 88' lang='lat' dir='ltr'>quoniam</span> <span class='ocrx_word' id='word_1_76' title='bbox 1166 1874 1407 1933; x_wconf 85' lang='lat' dir='ltr'>nostra</span> <span class='ocrx_word' id='word_1_77' title='bbox 1444 1876 1577 1951; x_wconf 87' lang='lat' dir='ltr'>est,</span> <span class='ocrx_word' id='word_1_78' title='bbox 1612 1861 1707 1933; x_wconf 86' lang='lat' dir='ltr'>ad</span> <span class='ocrx_word' id='word_1_79' title='bbox 1739 1860 2094 1935; x_wconf 90' lang='lat' dir='ltr'>honorem</span> <span class='ocrx_word' id='word_1_80' title='bbox 2123 1876 2195 1933; x_wconf 90' lang='lat' dir='ltr'>et</span> <span class='ocrx_word' id='word_1_81' title='bbox 2213 1862 2412 1934; x_wconf 90' lang='lat' dir='ltr'>utili-</span> 
     </span>
     <span class='ocr_line' id='line_1_13' title="bbox 294 1974 2410 2074; baseline 0 -25"><span class='ocrx_word' id='word_1_82' title='bbox 294 1992 517 2049; x_wconf 88' lang='lat' dir='ltr'>tatem</span> <span class='ocrx_word' id='word_1_83' title='bbox 549 1991 869 2049; x_wconf 81' lang='lat' dir='ltr'>nostram</span> <span class='ocrx_word' id='word_1_84' title='bbox 898 1976 1209 2048; x_wconf 88' lang='lat' dir='ltr'>totaliter</span> <span class='ocrx_word' id='word_1_85' title='bbox 1239 1974 1607 2048; x_wconf 85' lang='lat' dir='ltr'>referetur.</span> <span class='ocrx_word' id='word_1_86' title='bbox 1637 1976 2040 2047; x_wconf 89' lang='lat' dir='ltr'>Claustrum</span> <span class='ocrx_word' id='word_1_87' title='bbox 2061 1976 2410 2074; x_wconf 85' lang='lat' dir='ltr'>siquidem</span> 
     </span>
    </p>
   </div>
   <div class='ocr_carea' id='block_1_3' title="bbox 290 2096 2414 3810">
    <p class='ocr_par' dir='ltr' id='par_1_3' title="bbox 290 2096 2414 3810">
     <span class='ocr_line' id='line_1_14' title="bbox 295 2096 2414 2195; baseline 0 -23"><span class='ocrx_word' id='word_1_88' title='bbox 295 2098 607 2172; x_wconf 88' lang='lat' dir='ltr'>ecclesiae</span> <span class='ocrx_word' id='word_1_89' title='bbox 672 2096 1031 2195; x_wconf 88' lang='lat' dir='ltr'>ejusdem,</span> <span class='ocrx_word' id='word_1_90' title='bbox 1100 2098 1420 2171; x_wconf 84' lang='lat' dir='ltr'>officinas</span> <span class='ocrx_word' id='word_1_91' title='bbox 1482 2100 1555 2169; x_wconf 91' lang='lat' dir='ltr'>in</span> <span class='ocrx_word' id='word_1_92' title='bbox 1617 2098 1951 2190; x_wconf 79' lang='lat' dir='ltr'>clausu-0,</span> <span class='ocrx_word' id='word_1_93' title='bbox 2027 2114 2100 2171; x_wconf 93' lang='lat' dir='ltr'>et</span> <span class='ocrx_word' id='word_1_94' title='bbox 2155 2100 2414 2173; x_wconf 89' lang='lat' dir='ltr'>domos</span> 
     </span>
     <span class='ocr_line' id='line_1_15' title="bbox 294 2214 2410 2312; baseline 0 -24"><span class='ocrx_word' id='word_1_95' title='bbox 294 2214 581 2288; x_wconf 82' lang='lat' dir='ltr'>claustri</span> <span class='ocrx_word' id='word_1_96' title='bbox 610 2238 791 2311; x_wconf 88' lang='lat' dir='ltr'>quas</span> <span class='ocrx_word' id='word_1_97' title='bbox 814 2214 1081 2287; x_wconf 88' lang='lat' dir='ltr'>habent</span> <span class='ocrx_word' id='word_1_98' title='bbox 1108 2230 1183 2287; x_wconf 90' lang='lat' dir='ltr'>et</span> <span class='ocrx_word' id='word_1_99' title='bbox 1210 2238 1386 2312; x_wconf 87' lang='lat' dir='ltr'>quas</span> <span class='ocrx_word' id='word_1_100' title='bbox 1408 2215 1680 2287; x_wconf 90' lang='lat' dir='ltr'>circum</span> <span class='ocrx_word' id='word_1_101' title='bbox 1717 2215 2107 2286; x_wconf 88' lang='lat' dir='ltr'>claustrum</span> <span class='ocrx_word' id='word_1_102' title='bbox 2139 2215 2410 2288; x_wconf 87' lang='lat' dir='ltr'>habere</span> 
     </span>
     <span class='ocr_line' id='line_1_16' title="bbox 292 2329 2414 2429; baseline 0.001 -28"><span class='ocrx_word' id='word_1_103' title='bbox 292 2345 657 2429; x_wconf 87' lang='lat' dir='ltr'>poterunt,</span> <span class='ocrx_word' id='word_1_104' title='bbox 686 2330 779 2402; x_wconf 87' lang='lat' dir='ltr'>ad</span> <span class='ocrx_word' id='word_1_105' title='bbox 807 2329 1299 2403; x_wconf 75' lang='lat' dir='ltr'>aedificandum</span> <span class='ocrx_word' id='word_1_106' title='bbox 1328 2330 1654 2428; x_wconf 89' lang='lat' dir='ltr'>proprias</span> <span class='ocrx_word' id='word_1_107' title='bbox 1681 2329 1990 2403; x_wconf 76' lang='lat' dir='ltr'>ecclesia:</span> <span class='ocrx_word' id='word_1_108' title='bbox 2013 2332 2414 2404; x_wconf 85' lang='lat' dir='ltr'>mansiones</span> 
     </span>
     <span class='ocr_line' id='line_1_17' title="bbox 291 2444 2408 2542; baseline 0.001 -25"><span class='ocrx_word' id='word_1_109' title='bbox 291 2459 366 2517; x_wconf 87' lang='lat' dir='ltr'>et</span> <span class='ocrx_word' id='word_1_110' title='bbox 400 2446 910 2518; x_wconf 85' lang='lat' dir='ltr'>canonicorum</span> <span class='ocrx_word' id='word_1_111' title='bbox 942 2444 1227 2537; x_wconf 90' lang='lat' dir='ltr'>domos,</span> <span class='ocrx_word' id='word_1_112' title='bbox 1265 2445 1585 2517; x_wconf 87' lang='lat' dir='ltr'>libertate</span> <span class='ocrx_word' id='word_1_113' title='bbox 1633 2445 2102 2542; x_wconf 81' lang='lat' dir='ltr'>irrefragabili</span> <span class='ocrx_word' id='word_1_114' title='bbox 2157 2462 2230 2519; x_wconf 90' lang='lat' dir='ltr'>et</span> <span class='ocrx_word' id='word_1_115' title='bbox 2276 2449 2408 2519; x_wconf 87' lang='lat' dir='ltr'>im-</span> 
     </span>
     <span class='ocr_line' id='line_1_18' title="bbox 294 2558 2405 2649; baseline 0.001 -18"><span class='ocrx_word' id='word_1_116' title='bbox 294 2562 646 2633; x_wconf 88' lang='lat' dir='ltr'>munitate</span> <span class='ocrx_word' id='word_1_117' title='bbox 667 2561 889 2633; x_wconf 90' lang='lat' dir='ltr'>totius</span> <span class='ocrx_word' id='word_1_118' title='bbox 920 2560 1305 2633; x_wconf 85' lang='lat' dir='ltr'>exactionis</span> <span class='ocrx_word' id='word_1_119' title='bbox 1344 2559 1740 2632; x_wconf 87' lang='lat' dir='ltr'>donamus:</span> <span class='ocrx_word' id='word_1_120' title='bbox 1789 2584 1922 2632; x_wconf 91' lang='lat' dir='ltr'>nec</span> <span class='ocrx_word' id='word_1_121' title='bbox 1953 2558 2052 2632; x_wconf 93' lang='lat' dir='ltr'>ibi</span> <span class='ocrx_word' id='word_1_122' title='bbox 2099 2576 2405 2649; x_wconf 84' lang='lat' dir='ltr'>tantum,</span> 
     </span>
     <span class='ocr_line' id='line_1_19' title="bbox 294 2674 2409 2773; baseline 0 -26"><span class='ocrx_word' id='word_1_123' title='bbox 294 2675 423 2747; x_wconf 89' lang='lat' dir='ltr'>sed</span> <span class='ocrx_word' id='word_1_124' title='bbox 478 2674 910 2773; x_wconf 90' lang='lat' dir='ltr'>ubicumque</span> <span class='ocrx_word' id='word_1_125' title='bbox 961 2674 1343 2747; x_wconf 88' lang='lat' dir='ltr'>habuerint</span> <span class='ocrx_word' id='word_1_126' title='bbox 1390 2674 1650 2747; x_wconf 91' lang='lat' dir='ltr'>domos</span> <span class='ocrx_word' id='word_1_127' title='bbox 1699 2698 1858 2747; x_wconf 88' lang='lat' dir='ltr'>suas</span> <span class='ocrx_word' id='word_1_128' title='bbox 1875 2730 1896 2765; x_wconf 91' lang='lat'>,</span> <span class='ocrx_word' id='word_1_129' title='bbox 1940 2674 2280 2773; x_wconf 87' lang='lat' dir='ltr'>quamdiu</span> <span class='ocrx_word' id='word_1_130' title='bbox 2339 2678 2409 2747; x_wconf 89' lang='lat' dir='ltr'>in</span> 
     </span>
     <span class='ocr_line' id='line_1_20' title="bbox 293 2788 2412 2891; baseline 0.001 -30"><span class='ocrx_word' id='word_1_131' title='bbox 293 2790 399 2861; x_wconf 91' lang='lat' dir='ltr'>eis</span> <span class='ocrx_word' id='word_1_132' title='bbox 434 2788 941 2878; x_wconf 71' lang='lat' dir='ltr'>habitaverint,</span> <span class='ocrx_word' id='word_1_133' title='bbox 994 2806 1065 2862; x_wconf 90' lang='lat' dir='ltr'>et</span> <span class='ocrx_word' id='word_1_134' title='bbox 1110 2790 1372 2865; x_wconf 91' lang='lat' dir='ltr'>domus</span> <span class='ocrx_word' id='word_1_135' title='bbox 1413 2804 1485 2861; x_wconf 94' lang='lat' dir='ltr'>et</span> <span class='ocrx_word' id='word_1_136' title='bbox 1528 2814 1644 2863; x_wconf 88' lang='lat' dir='ltr'>res</span> <span class='ocrx_word' id='word_1_137' title='bbox 1678 2815 1935 2862; x_wconf 89' lang='lat' dir='ltr'>eorum</span> <span class='ocrx_word' id='word_1_138' title='bbox 1984 2806 2056 2863; x_wconf 94' lang='lat' dir='ltr'>et</span> <span class='ocrx_word' id='word_1_139' title='bbox 2106 2794 2412 2891; x_wconf 81' lang='lat' dir='ltr'>propriae</span> 
     </span>
     <span class='ocr_line' id='line_1_21' title="bbox 294 2905 2409 2980; baseline -0 -2"><span class='ocrx_word' id='word_1_140' title='bbox 294 2906 579 2979; x_wconf 85' lang='lat' dir='ltr'>familiae</span> <span class='ocrx_word' id='word_1_141' title='bbox 611 2908 1017 2980; x_wconf 78' lang='lat' dir='ltr'>liberamuS.</span> <span class='ocrx_word' id='word_1_142' title='bbox 1069 2909 1139 2977; x_wconf 86' lang='lat' dir='ltr'>Si</span> <span class='ocrx_word' id='word_1_143' title='bbox 1180 2922 1420 2979; x_wconf 88' lang='lat' dir='ltr'>autem</span> <span class='ocrx_word' id='word_1_144' title='bbox 1464 2905 1556 2978; x_wconf 90' lang='lat' dir='ltr'>de</span> <span class='ocrx_word' id='word_1_145' title='bbox 1605 2906 1942 2979; x_wconf 89' lang='lat' dir='ltr'>manibus</span> <span class='ocrx_word' id='word_1_146' title='bbox 1997 2930 2248 2980; x_wconf 90' lang='lat' dir='ltr'>eorum</span> <span class='ocrx_word' id='word_1_147' title='bbox 2317 2905 2409 2979; x_wconf 84' lang='lat' dir='ltr'>ad</span> 
     </span>
     <span class='ocr_line' id='line_1_22' title="bbox 292 3018 2412 3119; baseline 0.001 -28"><span class='ocrx_word' id='word_1_148' title='bbox 292 3020 468 3092; x_wconf 84' lang='lat' dir='ltr'>alias</span> <span class='ocrx_word' id='word_1_149' title='bbox 524 3044 865 3119; x_wconf 87' lang='lat' dir='ltr'>personas</span> <span class='ocrx_word' id='word_1_150' title='bbox 920 3018 1357 3110; x_wconf 87' lang='lat' dir='ltr'>devenerint,</span> <span class='ocrx_word' id='word_1_151' title='bbox 1413 3022 1485 3090; x_wconf 90' lang='lat' dir='ltr'>in</span> <span class='ocrx_word' id='word_1_152' title='bbox 1550 3034 1974 3118; x_wconf 89' lang='lat' dir='ltr'>potestatem</span> <span class='ocrx_word' id='word_1_153' title='bbox 2024 3020 2412 3118; x_wconf 73' lang='lat' dir='ltr'>judiciariae</span> 
     </span>
     <span class='ocr_line' id='line_1_23' title="bbox 292 3134 2408 3235; baseline 0.002 -28"><span class='ocrx_word' id='word_1_154' title='bbox 292 3137 664 3235; x_wconf 89' lang='lat' dir='ltr'>potestatis</span> <span class='ocrx_word' id='word_1_155' title='bbox 692 3136 842 3230; x_wconf 86' lang='lat' dir='ltr'>lege</span> <span class='ocrx_word' id='word_1_156' title='bbox 873 3134 1055 3208; x_wconf 73' lang='lat' dir='ltr'>villae</span> <span class='ocrx_word' id='word_1_157' title='bbox 1077 3136 1445 3209; x_wconf 88' lang='lat' dir='ltr'>redibunt.</span> <span class='ocrx_word' id='word_1_158' title='bbox 1486 3140 1619 3208; x_wconf 84' lang='lat' dir='ltr'>Res</span> <span class='ocrx_word' id='word_1_159' title='bbox 1656 3136 2186 3235; x_wconf 87' lang='lat' dir='ltr'>oppidanorum</span> <span class='ocrx_word' id='word_1_160' title='bbox 2241 3162 2408 3211; x_wconf 86' lang='lat' dir='ltr'>nos-</span> 
     </span>
     <span class='ocr_line' id='line_1_24' title="bbox 292 3250 2412 3325; baseline 0.001 -2"><span class='ocrx_word' id='word_1_161' title='bbox 292 3266 578 3323; x_wconf 83' lang='lat' dir='ltr'>trorum</span> <span class='ocrx_word' id='word_1_162' title='bbox 659 3250 773 3323; x_wconf 77' lang='lat' dir='ltr'>vel</span> <span class='ocrx_word' id='word_1_163' title='bbox 824 3250 1133 3323; x_wconf 90' lang='lat' dir='ltr'>aliorum</span> <span class='ocrx_word' id='word_1_164' title='bbox 1182 3252 1562 3323; x_wconf 90' lang='lat' dir='ltr'>hominum</span> <span class='ocrx_word' id='word_1_165' title='bbox 1612 3253 1686 3323; x_wconf 89' lang='lat' dir='ltr'>in</span> <span class='ocrx_word' id='word_1_166' title='bbox 1761 3250 2099 3325; x_wconf 90' lang='lat' dir='ltr'>domibus</span> <span class='ocrx_word' id='word_1_167' title='bbox 2155 3278 2412 3325; x_wconf 88' lang='lat' dir='ltr'>eorum</span> 
     </span>
     <span class='ocr_line' id='line_1_25' title="bbox 294 3367 2411 3467; baseline 0.002 -30"><span class='ocrx_word' id='word_1_168' title='bbox 294 3367 492 3439; x_wconf 89' lang='lat' dir='ltr'>nulla</span> <span class='ocrx_word' id='word_1_169' title='bbox 521 3368 853 3441; x_wconf 85' lang='lat' dir='ltr'>desendet</span> <span class='ocrx_word' id='word_1_170' title='bbox 887 3367 1207 3459; x_wconf 84' lang='lat' dir='ltr'>libertas;</span> <span class='ocrx_word' id='word_1_171' title='bbox 1244 3368 1383 3441; x_wconf 86' lang='lat' dir='ltr'>hoc</span> <span class='ocrx_word' id='word_1_172' title='bbox 1416 3384 1654 3441; x_wconf 89' lang='lat' dir='ltr'>tamen</span> <span class='ocrx_word' id='word_1_173' title='bbox 1690 3368 1839 3459; x_wconf 87' lang='lat' dir='ltr'>fiet,</span> <span class='ocrx_word' id='word_1_174' title='bbox 1877 3370 2079 3467; x_wconf 91' lang='lat' dir='ltr'>quod</span> <span class='ocrx_word' id='word_1_175' title='bbox 2111 3394 2224 3440; x_wconf 91' lang='lat' dir='ltr'>res</span> <span class='ocrx_word' id='word_1_176' title='bbox 2243 3368 2411 3441; x_wconf 89' lang='lat' dir='ltr'>alio-</span> 
     </span>
     <span class='ocr_line' id='line_1_26' title="bbox 290 3481 2406 3582; baseline -0 -28"><span class='ocrx_word' id='word_1_177' title='bbox 290 3507 462 3554; x_wconf 89' lang='lat' dir='ltr'>rum</span> <span class='ocrx_word' id='word_1_178' title='bbox 479 3508 611 3581; x_wconf 89' lang='lat' dir='ltr'>per</span> <span class='ocrx_word' id='word_1_179' title='bbox 641 3483 938 3557; x_wconf 85' lang='lat' dir='ltr'>clericos</span> <span class='ocrx_word' id='word_1_180' title='bbox 972 3484 1209 3557; x_wconf 84' lang='lat' dir='ltr'>Sancti</span> <span class='ocrx_word' id='word_1_181' title='bbox 1249 3484 1796 3582; x_wconf 82' lang='lat' dir='ltr'>Paulipotestati</span> <span class='ocrx_word' id='word_1_182' title='bbox 1829 3499 2085 3556; x_wconf 85' lang='lat' dir='ltr'>uostrae</span> <span class='ocrx_word' id='word_1_183' title='bbox 2101 3481 2406 3555; x_wconf 87' lang='lat' dir='ltr'>redden·</span> 
     </span>
     <span class='ocr_line' id='line_1_27' title="bbox 295 3595 2408 3694; baseline -0 -24"><span class='ocrx_word' id='word_1_184' title='bbox 295 3614 436 3670; x_wconf 88' lang='lat' dir='ltr'>tur.</span> <span class='ocrx_word' id='word_1_185' title='bbox 490 3600 823 3671; x_wconf 85' lang='lat' dir='ltr'>Latrones</span> <span class='ocrx_word' id='word_1_186' title='bbox 880 3624 1047 3671; x_wconf 90' lang='lat' dir='ltr'>suos</span> <span class='ocrx_word' id='word_1_187' title='bbox 1109 3598 1201 3671; x_wconf 91' lang='lat' dir='ltr'>de</span> <span class='ocrx_word' id='word_1_188' title='bbox 1261 3600 1524 3671; x_wconf 85' lang='lat' dir='ltr'>familia</span> <span class='ocrx_word' id='word_1_189' title='bbox 1580 3623 1731 3684; x_wconf 88' lang='lat' dir='ltr'>sua,</span> <span class='ocrx_word' id='word_1_190' title='bbox 1772 3611 1846 3668; x_wconf 92' lang='lat' dir='ltr'>et</span> <span class='ocrx_word' id='word_1_191' title='bbox 1883 3598 2008 3694; x_wconf 90' lang='lat' dir='ltr'>qui</span> <span class='ocrx_word' id='word_1_192' title='bbox 2050 3597 2150 3667; x_wconf 92' lang='lat' dir='ltr'>eis</span> <span class='ocrx_word' id='word_1_193' title='bbox 2199 3595 2408 3669; x_wconf 85' lang='lat' dir='ltr'>furati</span> 
     </span>
     <span class='ocr_line' id='line_1_28' title="bbox 292 3710 2410 3810; baseline 0 -27"><span class='ocrx_word' id='word_1_194' title='bbox 292 3710 582 3804; x_wconf 81' lang='lat' dir='ltr'>fuerint,</span> <span class='ocrx_word' id='word_1_195' title='bbox 638 3738 893 3785; x_wconf 90' lang='lat' dir='ltr'>eorum</span> <span class='ocrx_word' id='word_1_196' title='bbox 952 3714 1043 3787; x_wconf 88' lang='lat' dir='ltr'>sit</span> <span class='ocrx_word' id='word_1_197' title='bbox 1098 3713 1193 3785; x_wconf 91' lang='lat' dir='ltr'>ad</span> <span class='ocrx_word' id='word_1_198' title='bbox 1230 3712 1769 3810; x_wconf 85' lang='lat' dir='ltr'>justiciandum.</span> <span class='ocrx_word' id='word_1_199' title='bbox 1837 3712 2194 3805; x_wconf 84' lang='lat' dir='ltr'>Fugitivos</span> <span class='ocrx_word' id='word_1_200' title='bbox 2233 3712 2410 3785; x_wconf 86' lang='lat' dir='ltr'>alios</span> 
     </span>
    </p>
   </div>
   <div class='ocr_carea' id='block_1_4' title="bbox 288 3832 2409 4165">
    <p class='ocr_par' dir='ltr' id='par_1_4' title="bbox 288 3832 2409 4165">
     <span class='ocr_line' id='line_1_29' title="bbox 290 3832 2401 3933; baseline 0 -28"><span class='ocrx_word' id='word_1_201' title='bbox 290 3832 605 3907; x_wconf 87' lang='lat' dir='ltr'>latrones</span> <span class='ocrx_word' id='word_1_202' title='bbox 635 3836 965 3933; x_wconf 87' lang='lat' dir='ltr'>potestati</span> <span class='ocrx_word' id='word_1_203' title='bbox 998 3852 1259 3909; x_wconf 84' lang='lat' dir='ltr'>nostrae</span> <span class='ocrx_word' id='word_1_204' title='bbox 1308 3834 1653 3909; x_wconf 87' lang='lat' dir='ltr'>reddent:</span> <span class='ocrx_word' id='word_1_205' title='bbox 1692 3832 2015 3906; x_wconf 87' lang='lat' dir='ltr'>similiter</span> <span class='ocrx_word' id='word_1_206' title='bbox 2077 3848 2148 3906; x_wconf 90' lang='lat' dir='ltr'>et</span> <span class='ocrx_word' id='word_1_207' title='bbox 2199 3834 2401 3927; x_wconf 87' lang='lat' dir='ltr'>alios,</span> 
     </span>
     <span class='ocr_line' id='line_1_30' title="bbox 290 3949 2409 4047; baseline 0.001 -26"><span class='ocrx_word' id='word_1_208' title='bbox 290 3952 417 4047; x_wconf 87' lang='lat' dir='ltr'>qui</span> <span class='ocrx_word' id='word_1_209' title='bbox 472 3950 566 4022; x_wconf 89' lang='lat' dir='ltr'>ad</span> <span class='ocrx_word' id='word_1_210' title='bbox 623 3976 745 4023; x_wconf 91' lang='lat' dir='ltr'>eos</span> <span class='ocrx_word' id='word_1_211' title='bbox 792 3951 1269 4046; x_wconf 86' lang='lat' dir='ltr'>confugerint,</span> <span class='ocrx_word' id='word_1_212' title='bbox 1326 3975 1512 4023; x_wconf 91' lang='lat' dir='ltr'>reos.</span> <span class='ocrx_word' id='word_1_213' title='bbox 1550 3949 1626 4021; x_wconf 92' lang='lat' dir='ltr'>Si</span> <span class='ocrx_word' id='word_1_214' title='bbox 1668 3962 1908 4020; x_wconf 89' lang='lat' dir='ltr'>autem</span> <span class='ocrx_word' id='word_1_215' title='bbox 1965 3950 2152 4021; x_wconf 89' lang='lat' dir='ltr'>inter</span> <span class='ocrx_word' id='word_1_216' title='bbox 2183 3975 2306 4022; x_wconf 89' lang='lat' dir='ltr'>eos</span> <span class='ocrx_word' id='word_1_217' title='bbox 2335 3966 2409 4023; x_wconf 92' lang='lat' dir='ltr'>et</span> 
     </span>
     <span class='ocr_line' id='line_1_31' title="bbox 288 4063 2408 4165; baseline -0.001 -28"><span class='ocrx_word' id='word_1_218' title='bbox 288 4090 429 4137; x_wconf 90' lang='lat' dir='ltr'>nos</span> <span class='ocrx_word' id='word_1_219' title='bbox 462 4068 759 4164; x_wconf 83' lang='lat' dir='ltr'>quaestio</span> <span class='ocrx_word' id='word_1_220' title='bbox 793 4066 882 4139; x_wconf 92' lang='lat' dir='ltr'>de</span> <span class='ocrx_word' id='word_1_221' title='bbox 912 4067 1149 4165; x_wconf 89' lang='lat' dir='ltr'>aliqua</span> <span class='ocrx_word' id='word_1_222' title='bbox 1178 4091 1256 4139; x_wconf 93' lang='lat' dir='ltr'>re</span> <span class='ocrx_word' id='word_1_223' title='bbox 1290 4067 1525 4157; x_wconf 86' lang='lat' dir='ltr'>fuerit,</span> <span class='ocrx_word' id='word_1_224' title='bbox 1544 4064 1744 4163; x_wconf 91' lang='lat' dir='ltr'>quod</span> <span class='ocrx_word' id='word_1_225' title='bbox 1774 4063 2006 4138; x_wconf 89' lang='lat' dir='ltr'>clerici</span> <span class='ocrx_word' id='word_1_226' title='bbox 2039 4066 2359 4163; x_wconf 86' lang='lat' dir='ltr'>poterint</span> <span class='ocrx_word' id='word_1_227' title='bbox 2386 4067 2408 4103; x_wconf 79' lang='lat'>¹</span> 
     </span>
    </p>
   </div>
   <div class='ocr_carea' id='block_1_5' title="bbox 374 4260 2113 4377">
    <p class='ocr_par' dir='ltr' id='par_1_5' title="bbox 374 4260 2113 4377">
     <span class='ocr_line' id='line_1_32' title="bbox 374 4260 2113 4377; baseline 0.001 -26"><span class='ocrx_word' id='word_1_228' title='bbox 374 4292 435 4354; x_wconf 63' lang='lat' dir='ltr'>h</span> <span class='ocrx_word' id='word_1_229' title='bbox 464 4260 627 4354; x_wconf 43' lang='lat' dir='ltr'>Mam--</span> <span class='ocrx_word' id='word_1_230' title='bbox 658 4298 907 4377; x_wconf 70' lang='lat' dir='ltr'>Evang„</span> <span class='ocrx_word' id='word_1_231' title='bbox 934 4314 1071 4372; x_wconf 79' lang='lat' dir='ltr'>xxv,</span> <span class='ocrx_word' id='word_1_232' title='bbox 1101 4298 1203 4356; x_wconf 73' lang='lat'>21.</span> <span class='ocrx_word' id='word_1_233' title='bbox 1250 4328 1328 4341; x_wconf 91' lang='lat'>--</span> <span class='ocrx_word' id='word_1_234' title='bbox 1368 4298 1431 4356; x_wconf 77' lang='grc' dir='ltr'>Ξ.</span> <span class='ocrx_word' id='word_1_235' title='bbox 1455 4296 1727 4353; x_wconf 78' lang='lat' dir='ltr'>Pater-une</span> <span class='ocrx_word' id='word_1_236' title='bbox 1754 4291 1892 4352; x_wconf 87' lang='lat' dir='ltr'>edit.</span> <span class='ocrx_word' id='word_1_237' title='bbox 1926 4290 2113 4353; x_wconf 80' lang='lat' dir='ltr'>Felib.</span> 
     </span>
    </p>
   </div>
  </div>
 </body>
</html>
