3275 5317
1063 594 1186 651 vll-3
1227 593 1327 649 DE
1366 592 1591 651 LOUIS
1621 592 1717 649 LE
1759 592 1977 651 GROS.
2500 596 2567 651 11

459 750 630 800 cum
643 740 892 799 neuter
908 724 1196 797 cederet
1213 752 1234 815 3
1253 722 1717 813 dissimiliter,
1750 748 1921 795 cum
1935 721 2053 795 ille
2068 736 2423 816 maturus,
2449 725 2579 797 iste

452 841 876 939 juvenculus
905 869 928 932 ς
965 840 1080 913 ille
1120 840 1502 940 opulentus
1519 856 1590 912 et
1637 839 2025 936 Anglorum
2066 839 2577 914 thesaurorum

459 958 816 1056 profusor,
855 955 1342 1053 mirabilisque
1367 956 1681 1029 militum
1700 971 2065 1029 mercator
2093 971 2166 1028 et
2188 954 2571 1047 solidator;

456 1075 588 1146 iste
603 1073 866 1173 peculii
898 1098 1179 1171 expers,
1213 1074 1426 1171 patri,
1457 1073 1583 1171 qui
1611 1070 1981 1145 beneficiis
2008 1073 2207 1169 regni
2240 1072 2579 1147 utebatur

451 1187 842 1289 parcendO,
879 1189 1034 1261 sola
1056 1188 1267 1260 bonae
1298 1185 1563 1260 indolis
1603 1188 1953 1261 industria
1994 1190 2325 1261 militiam
2376 1215 2577 1287 coge-

453 1305 606 1397 bat,
645 1304 987 1379 audacter
1017 1302 1412 1375 resistebat.
1441 1302 1741 1375 Videres
1758 1303 2095 1401 juvenem
2121 1304 2577 1379 celerrimum

454 1420 677 1495 modo
707 1418 1280 1509 Bituricensium,
1307 1417 1531 1491 modo
1563 1420 2107 1508 Arvemorum¹‚
2138 1418 2363 1493 modo
2396 1426 2573 1494 Bur-

453 1535 902 1633 gundionum
944 1539 967 1573 ²
1009 1534 1298 1607 militari
1381 1558 1599 1607 manu
1680 1534 2116 1608 transvolare
2165 1534 2379 1627 fines3
2442 1562 2577 1610 nec

452 1651 722 1725 idcirco
755 1650 1056 1743 tardius,
1088 1650 1146 1721 si
1177 1651 1245 1723 ei
1288 1650 1709 1742 innotescat,
1740 1650 2243 1723 Vilcassinum⁸
2264 1653 2571 1747 regredi,

454 1782 524 1839 et
551 1792 718 1839 cum
743 1768 1082 1841 trecentis
1125 1781 1252 1839 aut
1289 1767 1695 1863 quingentis
1719 1765 2067 1839 militibus
2109 1767 2403 1865 praefato
2430 1769 2579 1865 regi

453 1881 834 1956 Guillelmo
860 1907 1030 1956 cum
1056 1881 1310 1955 decem
1329 1880 1650 1954 millibus
1681 1880 2060 1953 fortissime
2086 1882 2467 1979 refragari3
2504 1900 2578 1957 et

453 2016 535 2071 ut
560 1999 826 2072 dubius
851 2026 924 2072 se
954 2000 1174 2073 habet
1206 1998 1390 2072 belli‘
1410 2015 1736 2091 eventus»,
1772 1998 1999 2073 modo
2028 1998 2310 2090 cedere,
2346 1999 2573 2073 modo

454 2112 764 2209 fugare⁸.

550 2230 835 2303 Talibus
917 2231 1306 2327 utrobique
1385 2230 1596 2302 multi
1675 2230 2315 2328 intercipiebantur
2391 2254 2576 2303 con-

449 2347 958 2444 gressionibus,
1017 2372 1336 2446 quorum
1392 2346 1709 2417 famosus
1752 2347 2037 2444 juvenis
2096 2361 2170 2417 et
2216 2346 2353 2434 sui,
2403 2371 2573 2419 cum

448 2468 720 2567 plures⁸
737 2468 940 2561 alios,
969 2470 1153 2541 tum⁸
1169 2468 1510 2540 comitem
1537 2468 1935 2559 Simonem,
1966 2465 2289 2538 nobilem
2308 2467 2568 2558 virum,

449 2584 930 2655 Gislebertum
950 2590 972 2628 ¹
1007 2582 1099 2656 de
1150 2584 1402 2681 Aquila
1447 2581 1794 2674 nobilem,
1855 2596 1928 2653 et
1972 2581 2233 2677 Angliae
2270 2597 2342 2653 et
2392 2586 2573 2653 Nor-

449 2698 757 2769 manniae
788 2721 988 2794 aeque
1022 2698 1362 2771 illustrem
1395 2698 1777 2788 baronem,
1814 2698 2166 2793 Paganum
2201 2695 2295 2769 de
2332 2699 2575 2770 Gisor-

449 2814 552 2883 tio
571 2814 618 2905 ⁸,
655 2812 772 2884 cui
821 2827 1136 2887 castrum
1168 2813 1363 2886 idem
1410 2814 1653 2913 primo
1706 2813 2098 2905 munivit'3
2150 2838 2275 2885 rex
2320 2837 2361 2886 e
2399 2838 2570 2886 con-

447 2930 666 3000 trario
679 2928 936 3025 Angliae
948 2944 1320 3003 strenuum
1341 2946 1411 3002 et
1423 2928 1746 3003 nobilem
1763 2930 2103 3001 comitem
2114 2928 2575 3003 Matthaeum¹⁰

444 3044 613 3116 Belli
620 3059 1064 3118 montensem
1075 3049 1142 3136 ¹¹,
1158 3045 1504 3120 illustrem
1517 3059 1589 3118 et
1604 3046 1846 3143 magni
1860 3046 2171 3117 nominis
2190 3045 2565 3135 baronem,

524 3302 553 3357 1
570 3342 584 3355 .
613 3298 978 3357 Alvernorum
1005 3296 1180 3359 codd.
1214 3300 1328 3359 543
1354 3309 1414 3357 et
1438 3300 1578 3372 133,
1607 3296 1862 3376 itemque
1892 3296 1990 3359 ed.
2020 3298 2220 3358 Germ.

525 3394 584 3449 2.
619 3394 1079 3470 Burgmaaiorum
1107 3395 1248 3465 133,
1279 3396 1418 3463 543,
1447 3394 1630 3463 5925,
1664 3393 1883 3464 12710,
1908 3402 2081 3471 atque
2104 3390 2245 3451 edit.
2278 3394 2472 3451 Germ.

529 3488 588 3545 3.
635 3486 1025 3543 Valeas-sinum
1049 3485 1142 3545 ed.
1178 3486 1378 3545 Germ.
1411 3516 1494 3529 —
1522 3488 1583 3546 4.
1618 3488 1846 3562 Fugare
1870 3487 2033 3541 modo
2056 3488 2175 3545 135
2195 3496 2253 3542 et
2275 3484 2410 3544 edd.

529 3583 588 3636 5.
636 3582 772 3638 Cum
811 3582 1008 3653 plures
1063 3580 1201 3648 343,
1251 3580 1430 3651 5925,
1475 3589 1648 3655 atque
1699 3578 1837 3639 edd.
1884 3578 2098 3638 Chesn.
2148 3589 2207 3636 et
2250 3576 2465 3639 Bened.
2494 3608 2569 3624 —

451 3674 804 3746 Complures,
825 3669 924 3729 alii
946 3682 1107 3749 quat.
1138 3670 1316 3730 codd.
1349 3683 1408 3730 et
1438 3670 1582 3731 edit.
1609 3674 1811 3734 Germ.

529 3768 585 3825 6.
637 3768 810 3833 Tunc,
840 3762 1015 3837 male,
1049 3768 1166 3825 135
1193 3776 1254 3823 et
1272 3764 1415 3824 edit.
1450 3766 1652 3823 Germ.

530 3863 590 3919 7.
636 3856 998 3917 Gillebertum
1043 3860 1190 3931 543,
1233 3861 1372 3933 133,
1406 3862 1564 3919 5925
1595 3878 1665 3917 ac
1694 3860 1913 3918 12710.
1935 3890 2017 3903 —
2038 3856 2347 3917 Gilbertum
2381 3862 2561 3922 6265.

531 3950 589 4011 8.
631 3949 820 4027 Vulgo
868 3952 1079 4010 Gisors.
1109 3982 1190 3995 —-
1216 3956 1458 4011 Gisortio
1507 3958 1602 4008 cm·
1637 3970 1739 4010 sex
1777 3950 1953 4010 codd.
1983 3969 2050 4009 ac
2086 3950 2225 4011 edit.
2254 3950 2452 4014 Germ.
2483 3984 2565 3999 -

452 4048 568 4119 Qui
608 4042 744 4102 edd.
793 4043 1004 4105 Chesn.
1049 4058 1108 4104 et
1150 4046 1367 4106 Bened.
1411 4050 1500 4107 De
1547 4044 1661 4105 hoc
1698 4044 1831 4105 vide
1874 4043 2047 4117 infra,
2084 4044 2237 4105 inter
2269 4044 2561 4105 Observa-

444 4148 652 4195 nones.

527 4233 587 4289 9.
631 4232 854 4288 Minuit
881 4232 995 4290 133
1026 4243 1085 4290 et
1127 4234 1346 4304 12710,
1378 4233 1478 4292 sed
1505 4232 1802 4291 mendose.

529 4324 628 4382 10.
651 4322 958 4381 Matthiam
977 4322 1118 4383 edit.
1146 4325 1346 4383 Germ.
1397 4358 1474 4369 —
1516 4327 1585 4383 -11
1601 4367 1616 4383 .
1661 4320 1851 4400 Vulgo
1880 4325 2524 4384 Beaumont-sur-Oe'se.
