3275 5317
624 606 773 663 sun
810 605 957 663 son
997 603 1629 663 AnmmsmnoN
1667 576 2106 664 ABBATIALEQ
2309 607 2420 665 ποτ

301 737 677 811 unciarum
708 738 887 829 auri,
926 735 1226 835 gemmis
1255 735 1619 835 preciosis,
1670 734 1935 807 scilicet
1969 710 2311 831 jacinthis
2352 752 2424 809 et

300 852 595 952 topaziis
624 867 991 944 ornatum,
1041 876 1179 951 pro
1228 850 1368 923 alio
1411 852 1537 950 qui
1581 866 1910 949 tempore
1952 852 2426 926 antecessoris

298 970 530 1043 nostri
561 970 973 1043 vadimonio
1000 970 1335 1067 perierat,
1361 967 1637 1041 restitui
1665 965 2220 1041 elaboravimus,

396 1084 610 1159 Aliud
636 1085 851 1157 etiam
873 1110 996 1157 vas
1018 1084 1620 1183 preciosissimum
1652 1081 1746 1155 de
1767 1081 2004 1181 lapide
2027 1084 2296 1182 prasio,
2328 1083 2422 1157 ad

300 1201 614 1274 formam
642 1202 843 1274 navis
876 1199 1353 1298 exsculptum,
1390 1197 1590 1299 quod
1630 1224 1754 1271 rex
1804 1197 2208 1271 Ludovicus
2253 1198 2419 1271 Phi-

298 1317 474 1417 lippi
520 1342 651 1418 per
711 1316 1145 1389 decennium
1189 1315 1342 1388 fere
1391 1314 1808 1388 vadimonio
1850 1315 2206 1405 amiserat,
2250 1340 2420 1390 cum

298 1432 513 1505 nobis
560 1432 654 1506 ad
710 1430 1105 1506 videndum
1139 1430 1466 1505 oblatum
1518 1430 1770 1503 fuisset
1792 1484 1810 1521 ,
1867 1427 2188 1528 ejusdem
2235 1432 2419 1527 regis

296 1550 755 1623 concessione
819 1550 1175 1645 sexaginta
1222 1550 1483 1622 marcis
1553 1548 1829 1646 argenti
1890 1562 2411 1648 comparatum,

294 1690 464 1737 cum
517 1664 947 1763 quibusdam
996 1665 1293 1739 floribus
1340 1688 1625 1738 coronae
1689 1664 2158 1763 imperatricis
2201 1662 2415 1737 beato

292 1783 636 1881 Dionysio
668 1782 1089 1855 obtulimus.
1128 1780 1344 1869 Quod
1378 1780 1712 1855 videlicet
1728 1805 1876 1871 vaS,
1901 1796 2050 1853 tam
2077 1805 2214 1880 pro
2247 1804 2416 1879 pre-

292 1900 470 1973 ciosi
504 1898 761 1997 lapidis
802 1898 1139 1997 qualitate
1169 1922 1391 1997 quam
1402 1898 1678 1994 integra
1710 1898 1820 1971 sui
1848 1896 2247 1995 quantitate
2278 1898 2412 1969 mi-

289 2013 606 2105 rificum,
620 2014 1030 2086 inclusorio¹
1050 2014 1273 2086 sancti
1288 2012 1491 2109 Eligii
1508 2038 1728 2113 opere
1746 2028 2022 2086 constat
2045 2027 2406 2103 ornatum,
2437 2086 2446 2091 ,

292 2129 493 2227 quod
530 2131 853 2203 omnium
874 2129 1569 2228 aurificum⁸judicio
1598 2128 2208 2229 preciosissimum
2229 2128 2414 2200 oesti-

289 2260 557 2319 matur.

388 2366 525 2433 Vas
575 2387 864 2461 quoque
915 2360 1140 2452 aliud,
1187 2361 1384 2459 quod
1437 2361 1664 2433 instar
1720 2359 1926 2457 justae
1983 2357 2228 2430 berilh
2289 2373 2411 2430 aut

289 2476 574 2550 cristalli
613 2478 937 2569 videtur,
970 2502 1139 2550 cum
1171 2478 1246 2549 in
1280 2477 1518 2575 primo
1562 2476 1819 2548 itinere
1851 2473 2246 2571 Aquitaniae
2289 2497 2408 2546 re-

288 2593 453 2687 gina
503 2594 785 2665 noviter
825 2592 1250 2691 desponsata
1296 2590 1597 2664 domino
1664 2590 1810 2685 regi
1849 2586 2218 2661 Ludovico
2276 2587 2407 2660 de-

285 2706 535 2797 disset,
563 2731 701 2805 pro
733 2731 998 2804 magno
1026 2708 1289 2779 amoris
1319 2730 1619 2778 munere
1656 2704 1869 2777 nobis
1886 2729 2040 2796 rex,
2065 2728 2202 2775 nos
2230 2726 2404 2775 vero

284 2822 549 2895 sanctis
578 2821 1009 2919 Martyribus
1045 2822 1355 2895 dominis
1403 2822 1670 2895 nostris
1723 2819 1816 2893 ad
1868 2817 2244 2893 libandum
2294 2819 2402 2891 di-

284 2938 467 3011 vinae
496 2962 761 3009 mensae
792 2937 1377 3011 affectuosissime
1415 2936 1875 3010 contulimus,
1923 2934 2141 3031 Cujus
2179 2933 2404 3008 dona-

286 3053 500 3126 tionis
532 3054 792 3155 seriem
818 3054 897 3127 in
922 3052 1180 3127 eodem
1210 3078 1401 3143 vase,
1438 3052 1740 3150 gemmis
1774 3075 2095 3150 auroque
2112 3064 2395 3143 ornate,

283 3170 646 3244 versiculis
680 3166 1114 3269 quibusdam
1141 3166 1659 3241 intitulavimus
1696 3194 1715 3238 ε

441 3390 569 3447 Hoc
598 3406 701 3447 vas
729 3404 939 3465 sponsa
962 3360 1123 3446 dedit
1147 3386 1347 3444 Aanor
1367 3380 1492 3462 regi
1516 3381 1839 3455 Ludovico,

438 3479 744 3541 Mindolus
768 3499 901 3553 avo,
930 3478 1075 3538 mihi
1103 3497 1230 3552 rex,
1256 3476 1579 3554 sanctisque
1601 3478 1876 3554 SugemS.

379 3660 966 3759 Comparavimus
997 3660 1209 3731 etiam
1243 3656 1514 3755 praefati
1544 3654 1783 3728 altaris
1808 3650 2062 3725 officiis
2092 3646 2386 3722 calicem

277 3776 711 3873 preciosum,
751 3776 841 3848 de
878 3800 1026 3847 uno
1048 3788 1122 3845 et
1136 3773 1484 3845 continuo
1514 3768 1914 3857 sardonice,
1937 3762 2135 3862 quod
2163 3779 2270 3838 est
2301 3764 2391 3837 de

277 3890 519 3965 sardio
551 3907 621 3964 et
653 3892 885 3984 onice,
933 3915 1082 3990 quo
1129 3913 1275 3962 uno
1309 3910 1537 3985 usque
1580 3884 1764 3956 adeo
1811 3880 2026 3954 sardii
2075 3880 2300 3954 rubor
2347 3904 2389 3952 a

276 4007 647 4103 nigredine
695 4006 1011 4081 onichini
1083 4005 1596 4105 proprietatem
1637 3996 1983 4071 variando
2025 3996 2380 4071 discrimi-

358 4243 385 4298 1
400 4280 421 4301 .
458 4242 769 4299 Ine-lusorio
791 4238 923 4301 cod.
948 4257 1056 4299 ms.
1086 4268 1166 4283 -—
1182 4240 1407 4298 Ιπσὶωο
1431 4231 1569 4294 edd.

358 4334 421 4391 2.
448 4333 765 4409 Aurt'fieum
788 4330 949 4392 deoet
972 4330 1035 4391 in
1053 4328 1189 4392 edd.
