3275 5317
906 562 1021 621 352
1336 560 1668 619 OEUVRES
1705 546 2139 619 couPLE‘rsss
2177 560 2278 617 DE
2321 560 2591 619 squt.

902 694 1119 765 etiam
1158 690 1477 789 ejusdem
1510 690 1716 779 villae,
1761 689 2096 763 videlicet
2137 706 2434 764 centum
2467 692 2766 785 solidos,
2805 710 2942 767 aut
2969 696 3022 766 si

900 808 1207 907 amplior
1251 805 1487 895 fuerit,
1522 820 1596 879 et
1638 806 2080 879 contulimus
2119 822 2192 879 et
2236 822 2581 906 perpetuo
2617 824 3018 883 anatemate

904 920 1483 995 indissolubiliter
1528 920 2150 1013 confirmavimus3
2209 920 2350 995 lioc
2407 938 2646 995 tamen
2707 940 3008 1015 retent0,

902 1036 1100 1132 quod
1116 1036 1437 1133 ejusdem
1462 1035 1796 1109 monachi
1841 1038 2220 1109 coenatoris
2246 1036 2764 1110 deliberatione
2789 1054 2864 1111 et
2885 1056 3010 1111 tes-

898 1150 1287 1225 tificatione
1304 1152 1676 1223 vinearum
1691 1166 2094 1225 nostrarum
2109 1151 2202 1224 de
2209 1150 2468 1224 eodem
2481 1178 2702 1225 censu
2715 1154 3002 1241 ibidem,

899 1282 1249 1365 quantum
1280 1266 1371 1338 ad
1402 1291 1535 1338 nos
1567 1267 1901 1364 pertinet,
1939 1266 2274 1339 collectio
2307 1265 2431 1339 fiat
2463 1292 2482 1339 ε
2538 1268 2886 1341 medietas
2913 1284 3004 1341 et·

902 1383 1095 1455 enim
1118 1404 1587 1479 expensarum
1613 1380 1706 1453 ad
1739 1381 2171 1454 mediatores
2201 1383 2514 1479 pertinet
2553 1384 2946 1455 vinearum.

1026 1500 1370 1569 Praeterea
1419 1496 1758 1596 operibus
1814 1496 2094 1594 pietatis
2152 1498 2507 1588 insistere,
2567 1498 3004 1572 infirmorum

902 1634 1150 1683 curam
1187 1636 1429 1707 gerere
1477 1612 1725 1709 quanti
1770 1626 2073 1703 constet,
2121 1636 2252 1684 ore
2287 1613 2765 1686 sacratissimo
2803 1616 3003 1712 ipsius

902 1725 1333 1816 audivimus,
1376 1727 1501 1823 qui
1548 1726 1870 1799 dicturus
1901 1740 2010 1797 est
2051 1726 2126 1797 in
2173 1726 2295 1797 illa
2343 1727 2724 1799 universali
2759 1744 2832 1801 et
2885 1728 3000 1801 ad·

902 1838 1217 1911 mirabili
1260 1840 1625 1911 auditione
1658 1867 1676 1910 ι
1725 1844 2066 1934 Infirmus
2097 1842 2219 1938 fai
2245 1856 2318 1911 et
2356 1843 2692 1915 vztcicastis
2733 1846 2902 1933 Μ’,
2940 1857 3002 1914 et

902 1954 1259 2026 contraria
1302 1954 1701 2026 contrariis·
1764 1953 1980 2043 Quod
2037 1970 2279 2027 autem
2319 1956 2415 2028 ad
2445 1955 2782 2054 praelatos
2811 1958 3002 2055 potis-

902 2069 1167 2142 simum
1201 2084 1471 2169 spectet
1500 2069 1936 2143 enucleatius
1967 2069 2283 2159 edocuit,
2319 2073 2447 2168 qui
2491 2096 2710 2145 ovem
2747 2072 2998 2146 morbi·

902 2183 1073 2257 dam
1104 2185 1197 2258 ad
1228 2210 1512 2281 gregem
1546 2186 1617 2258 in
1661 2184 1979 2257 humeris
2017 2188 2434 2285 reportavit.
2475 2190 2626 2259 Hac
2665 2190 2996 2287 siquidem

902 2301 1377 2375 sollicitudine
1424 2304 1656 2376 votiva
1706 2303 2134 2399 angariatus»,
2191 2302 2440 2375 fratres
2511 2303 2733 2401 hujus
2773 2306 2995 2378 minis·

903 2418 1064 2490 terii
1109 2418 1471 2509 officiales,
1532 2434 1681 2491 tam
1728 2432 2104 2516 praesentes
2147 2443 2370 2515 quam
2423 2443 2904 2511 succoesuros,
2937 2422 2994 2491 in

900 2531 1041 2605 hoc
1070 2534 1226 2632 ipso
1264 2534 1557 2606 vicarios
1588 2548 1896 2624 nostros,
1945 2533 2372 2606 auctoritate
2414 2534 2548 2606 Dei
2599 2560 2994 2608 commone-
3169 2500 3172 2631 ι

900 2671 1062 2719 mus
1096 2663 1170 2720 et
1201 2650 1651 2748 praecipimus
1720 2664 2071 2746 quatenus
2117 2649 2484 2747 hylariter,
2539 2651 2662 2747 pie
2699 2666 2774 2723 et
2827 2676 2996 2722 man·

900 2778 1125 2853 suete,
1164 2764 1497 2837 fratribus
1526 2764 2053 2861 aegrotantibuS,
2095 2764 2410 2857 senibus,
2447 2764 2996 2864 quibuscumque
3167 2762 3170 2893 j

902 2877 1286 2970 debilibus,
1318 2878 1712 2951 secundum
1731 2880 2044 2952 diversas
2065 2879 2508 2953 infirmitates
2539 2878 2841 2953 diversis
2863 2878 2992 2952 illo-

902 3018 1068 3065 rum
1091 2996 1523 3094 appetitibus
1554 2994 2132 3068 condescendant
2154 3011 2227 3068 et
2247 2996 2654 3069 ministrent
2681 3012 2990 3095 tanquam
3165 3018 3168 3155 l

902 3110 1169 3205 angelis
1210 3112 1385 3202 Dei;
1422 3113 1766 3209 quoniam
1815 3111 2121 3183 charitas
2151 3128 2257 3183 est
2295 3136 2578 3183 summa
2611 3114 2992 3185 monasticae

900 3222 1261 3321 religionis
1297 3253 1314 3296 ε
1354 3243 1426 3298 et
1469 3227 1583 3298 his
1612 3225 1905 3325 quidem
1948 3228 2214 3325 prime,
2251 3225 2377 3299 sed
2403 3226 2650 3299 animo
2691 3252 2838 3298 uno
2875 3227 2992 3298 illis

902 3340 1263 3413 ordinarie
1307 3342 1619 3414 serviant
1638 3396 1658 3433 ‚
1719 3342 1845 3439 qui
1899 3366 2352 3440 quacumque
2411 3342 2505 3415 de
2555 3368 2766 3416 causa
2815 3350 2989 3441 jussu
3163 3274 3166 3417 l

900 3456 1216 3529 custodis
1274 3458 1561 3529 Ordinis
1622 3458 1695 3529 in
1745 3456 2084 3529 domibus
2135 3456 2594 3530 infirmorum
2639 3458 2984 3545 cesserint,

899 3572 1231 3646 videlicet
1274 3598 1421 3645 uno
1477 3574 1746 3645 ferculo
1809 3573 1882 3643 in
1941 3574 2141 3643 omni
2195 3596 2467 3662 mensa,
2527 3589 2784 3671 praeter
2839 3570 2986 3643 illud
3158 3528 3164 3679 l

900 3689 1100 3783 quod
1162 3689 1262 3760 eis
1319 3714 1358 3759 a
1416 3688 1790 3760 refectorio
1838 3687 2360 3785 deportabitur.
2439 3694 2533 3759 Ut
2579 3702 2820 3759 autem
2869 3687 2982 3757 hoc

900 3804 1121 3900 possit
1159 3828 1442 3901 semper
1479 3803 1910 3892 continuari,
1958 3803 2268 3899 antiquis
2310 3802 2630 3898 ejusdem
2675 3800 2980 3901 praeposi·

902 3932 1079 3989 turae
1144 3915 1541 3991 redditibus
1604 3942 1720 3989 sex
1783 3915 2000 3990 libras
2057 3916 2490 4007 addidimus,
2535 3940 2722 4015 quos
2769 3916 2980 3987 labore

904 4049 1153 4106 nostro
1184 4034 1257 4106 in
1290 4033 1525 4129 burgo
1554 4032 2096 4131 adquisivimus,
2135 4056 2282 4105 non
2321 4030 2562 4130 laquio
2599 4030 2791 4105 malo
2827 4032 2978 4125 inge-

985 4287 1043 4343 1.
1073 4280 1277 4342 naith.
1304 4302 1537 4363 evang..
1568 4301 1711 4355 xxv,
1739 4286 1835 4344 36.
