3275 5317
768 586 795 640 ι
811 583 885 640 70
1205 579 1535 638 OEuvasss
1573 562 2000 638 commus
2038 581 2139 637 nn
2181 579 2448 640 suem.

769 713 1126 805 tituimus3
1158 711 1627 811 incomposita
1654 725 1854 785 terrae
1885 712 2447 811 composuimus»,
2465 739 2692 813 usque
2707 713 2894 788 adeo

770 855 930 904 eam
960 828 1433 923 meliorando,
1467 843 1550 902 ut
1578 854 1745 901 cum
1765 829 1886 902 vix
1915 831 2368 902 consueverit
2389 829 2638 926 viginti
2669 829 2892 903 libras

772 944 1061 1042 singulis
1104 927 1367 1037 annis,
1402 961 1652 1042 postea
1701 943 1938 1016 nobis¹
1991 960 2284 1018 centum
2330 944 2581 1038 libras,
2640 947 2895 1044 saepius

770 1085 945 1134 vero
994 1074 1285 1132 centum
1338 1074 1410 1133 et
1467 1059 1717 1156 viginti
1771 1057 2088 1132 reddidit
2105 1063 2150 1130 ².
2210 1063 2353 1132 Nos
2397 1084 2597 1151 vero,
2635 1063 2896 1134 sanctis

770 1175 1197 1274 Martyribus
1220 1201 1355 1276 pro
1386 1177 1601 1249 tantis
1627 1175 1996 1249 beneficiis
2013 1177 2176 1274 jure
2202 1175 2473 1267 devoti,
2512 1175 2604 1248 de
2635 1178 2896 1251 eodem

770 1295 1007 1366 fructu
1042 1291 1305 1364 laboris
1345 1293 1570 1364 nostri
1608 1290 2059 1365 aedificationi
2093 1291 2406 1364 ecclesiae
2450 1317 2706 1366 eorum
2744 1295 2892 1366 sin-

774 1410 957 1505 gulis
978 1409 1182 1480 annis
1209 1422 1461 1505 quater
1478 1407 1727 1503 viginti
1759 1407 2004 1497 libraS,
2036 1431 2262 1504 usque
2279 1407 2372 1479 ad
2395 1409 2631 1507 operis
2656 1409 2892 1508 exple-

772 1524 1044 1598 tionem
1070 1576 1090 1614 ,
1160 1537 1356 1595 carta
1412 1537 1485 1596 et
1546 1522 1780 1620 sigillo
1833 1523 2368 1618 assignavimus,
2433 1526 2896 1598 Removimus

772 1639 990 1710 etiam
1012 1637 1104 1710 ab
1128 1636 1377 1710 eadem
1402 1651 1589 1710 terra
1605 1637 1984 1735 quandam
2009 1638 2602 1711 consuetudinem
2635 1640 2894 1712 malam

776 1754 928 1826 viee
964 1754 1244 1826 comitis
1274 1754 1737 1854 Stampensis,
1768 1779 1927 1853 quae
1951 1753 2308 1853 palagium
2341 1772 2662 1830 vocatur.

1422 2043 1579 2112 XII.
1635 2045 1747 2111 De
1799 2043 2147 2113 Tauriaco
2175 2044 2223 2111 ⁸.

862 2245 1240 2318 Tauriacus
1276 2243 1517 2339 igitur,
1555 2244 1826 2317 famosa
1855 2243 2050 2317 beati
2081 2245 2403 2342 Dionysii
2451 2244 2644 2337 villa,
2683 2261 2896 2344 caput

772 2361 1069 2459 quidem
1094 2360 1423 2451 aliarum,
1481 2376 1552 2432 et
1602 2361 1896 2460 propria
1940 2384 2023 2433 ac
2069 2361 2393 2459 specialis
2434 2361 2638 2434 sedes
2697 2361 2888 2434 beati

773 2479 1121 2576 Dionysii,
1156 2476 1544 2575 peregrinis
1575 2490 1648 2547 et
1684 2475 2231 2564 mercatoribuS,
2269 2501 2397 2548 seu
2436 2475 2900 2575 quibuscum-

776 2617 919 2690 que
959 2591 1353 2664 viatoribus
1391 2591 1730 2664 alimenta
1772 2591 2209 2664 cibariorum
2251 2593 2325 2662 in
2366 2591 2607 2663 media
2645 2606 2892 2684 strata,

772 2708 968 2780 lassis
994 2707 1210 2780 etiam
1233 2707 1551 2804 quietem
1577 2707 1816 2804 quiete
1851 2707 2288 2798 ministrans,
2323 2706 2898 2779 intolerabilibus

778 2823 1244 2896 dominorum
1275 2823 1549 2921 praefati
1582 2823 1796 2894 castri
1825 2821 2106 2894 Puteoli
2130 2823 2438 2920 angariis
2469 2847 2694 2920 usque
2713 2822 2896 2896 adeo

780 2937 1272 3010 miserabiliter
1316 2937 1804 3037 premebatur,
1845 2953 1952 3029 ut,
2006 2962 2175 3009 cum
2227 2937 2398 3010 illue
2447 2939 2900 3036 temporibus

778 3055 1241 3125 antecessoris
1288 3053 1517 3124 nostri
1580 3051 1792 3124 bonae
1841 3055 2207 3126 memoriae
2255 3051 2430 3126 Adae
2476 3053 2780 3146 abbatis,
2817 3069 2902 3126 ut

774 3169 1196 3267 praepositus
1226 3182 1433 3238 terrae
1474 3167 1962 3264 providerem,
2003 3171 2170 3240 satis
2209 3167 2449 3241 adhue
2466 3169 2748 3266 juvenis
2771 3194 2888 3241 ac-

776 3283 1167 3376 cessissem,
1202 3282 1357 3379 jam
1388 3282 1667 3354 colonis
1689 3306 1871 3380 pene
1898 3282 2236 3355 destituta
2257 3283 2658 3380 langueret,
2691 3309 2902 3383 rapa·—

778 3398 974 3472 citati
1004 3396 1564 3489 Puteolensium,
1588 3397 1754 3470 data
1776 3422 1935 3470 esca
1956 3400 2247 3497 populis
2260 3399 2723 3498 AEthiopum⁴,
2745 3425 2908 3472 om-

776 3515 949 3588 nino
1004 3529 1303 3612 pateret.
1376 3517 1519 3584 Nec
1573 3515 1771 3585 enim
1827 3514 1978 3611 ipsa
2033 3515 2298 3587 domus
2350 3517 2644 3613 propria
2701 3514 2898 3586 beati

774 3629 1098 3726 Dionysii
1137 3630 1445 3728 seipsam
1480 3627 1870 3726 aliquando
1910 3629 2294 3723 tuebatur;
2342 3632 2518 3728 quin
2564 3633 2716 3729 ipse
2761 3629 2901 3702 do-

776 3745 1015 3818 minus
1045 3769 1175 3844 per
1208 3744 1542 3817 satellites
1596 3769 1766 3817 suos
1807 3770 1971 3817 eam
2013 3746 2394 3843 frangeret,
2435 3769 2904 3844 quaecumque

860 4035 919 4090 1.
954 4025 1131 4088 Nobis
1156 4027 1433 4087 omissum
1456 4026 1520 4086 in
1540 4027 1684 4088 edit.
1708 4027 1919 4090 chesn.

859 4125 922 4182 2.
952 4121 1290 4179 Reddidert't
1311 4120 1405 4181 ed.
1434 4119 1646 4182 Chesn.

860 4217 919 4276 3.
962 4213 1154 4294 Vulgo
1180 4217 1365 4289 Tomy
1381 4212 1833 4294 (Em-et-Loir)

866 4311 926 4368 Ιι.
968 4307 1183 4368 Psalm.
1217 4326 1425 4380 mm,
1455 4309 1555 4372 14.
