3275 5317
837 560 912 615 48
1279 558 1606 617 oeuvnsss
1648 541 2077 616 couPLETEs
2116 558 2217 615 DE
2257 558 2525 617 suom.

833 690 1071 761 minus
1097 688 1284 760 bene
1323 712 1487 783 erga
1521 686 1887 760 ecclesiam
1921 713 1995 761 se
2028 686 2401 781 habuerat,
2440 702 2513 761 et
2550 688 2719 786 quia
2762 690 2949 764 inter

837 819 948 877 tot
978 802 1254 875 nobiles
1276 826 1474 899 reges
1489 828 1636 875 non
1664 804 1903 899 magni
1923 803 2309 877 duceretur
2340 803 2493 902 ejus
2518 804 2942 904 sepultura),

836 920 911 990 in
943 917 1200 990 eodem
1234 920 1663 991 monasterio
1712 934 1877 993 ante
1918 920 2139 993 altare
2180 920 2523 1017 positum,
2558 935 2778 1019 prout
2816 920 2945 992 de-

835 1036 1108 1107 centius
1135 1048 1554 1133 potuerunt,
1589 1034 1877 1133 hymnis
1910 1051 1983 1108 et
2032 1060 2235 1136 prece
2278 1037 2593 1107 animam
2624 1038 2941 1109 Domino

836 1149 1442 1242 commendantes,
1479 1174 1740 1249 corpus
1768 1149 2209 1224 solemnibus
2245 1152 2424 1223 saxis
2470 1167 2935 1249 exceperunt.

935 1270 1119 1337 XIII.
1173 1266 1506 1339 Praefatus
1536 1280 1779 1339 autem
1818 1266 2247 1359 LudovicuS,
2284 1266 2626 1364 quoniam
2658 1268 2734 1337 in
2768 1266 2944 1341 ado-

836 1380 1163 1455 lescentia
1193 1382 1500 1455 ecclesiae
1531 1381 1919 1455 amicitiam
1934 1380 2207 1454 liberali
2222 1379 2633 1454 defensione
2666 1405 2946 1480 prome-

837 1511 1100 1587 ruerat,
1141 1521 1538 1595 pauperum
1565 1512 1637 1568 et
1663 1496 2149 1595 orphanorum
2188 1520 2474 1569 causam
2512 1510 2946 1569 sustentave-

838 1625 973 1702 rat,
1034 1626 1398 1708 tyrannos·
1419 1611 1697 1712 potenti
1738 1612 1993 1685 virtute
2040 1610 2574 1709 perdomuerat,
2618 1616 2773 1684 Deo
2820 1638 2947 1685 an-

839 1741 1124 1815 nuente,
1162 1726 1252 1798 ad
1269 1727 1469 1821 regni
1490 1726 1760 1822 fastigia
1774 1726 2334 1799 sicutbonorum
2364 1744 2533 1800 voto
2550 1729 2941 1819 asciscitur,

841 1838 941 1910 sic
971 1840 1326 1912 malorum
1356 1855 1425 1912 et
1445 1841 1835 1940 impiorum
1858 1841 2094 1914 votiva
2120 1842 2671 1936 machinatione,
2708 1844 2769 1915 si
2794 1843 2947 1915 fieri

839 1969 1108 2052 posset,
1143 1955 1658 2028 excluderetur.
1703 1956 2037 2029 Consulte
2077 1981 2244 2054 ergo
2276 1959 2529 2054 agitur,
2564 1971 2636 2031 et
2670 1958 2950 2058 potissi-

840 2093 1043 2141 mum
1089 2070 1400 2143 dictante
1433 2070 1818 2144 venerabili
1864 2087 1936 2145 et
1982 2074 2496 2173 sapientissimo
2530 2074 2689 2145 viro
2726 2078 2945 2148 Ivone

842 2188 1256 2259 Carnotensi
1316 2188 1679 2286 episcopo,
1748 2203 1827 2262 ut
1883 2189 1977 2261 ad
2044 2189 2503 2263 refellendam
2556 2190 2947 2288 impiorum

842 2304 1438 2376 machinationem
1476 2304 1806 2377 citissime
1844 2304 2233 2378 Aurelianis
2267 2307 2720 2398 conveniant,
2758 2306 2945 2404 ejus-

841 2444 982 2517 que
1015 2419 1419 2493 exaltationi
1455 2445 1747 2519 operam
1792 2420 1961 2493 dare
2006 2437 2284 2493 mature
2328 2420 2686 2494 festinent.
2718 2424 2945 2494 Seno·

841 2535 1077 2611 nensis
1099 2536 1306 2631 igitur
1329 2536 1898 2635 archiepiscopus
1914 2535 2367 2609 Daimbertus
2380 2534 2399 2571 ¹
2419 2537 2756 2609 invitatus
2776 2562 2945 2610 cum

843 2650 1561 2749 comprovincialibus
1575 2655 1622 2745 ²,
1679 2651 2007 2723 videlicet
2060 2650 2328 2725 Galone
2389 2652 2753 2725 Parisiensi
2796 2654 2948 2751 epi-

841 2790 1084 2863 scop0,
1121 2770 1436 2839 Manasse
1451 2765 1812 2857 Meldensi,
1834 2766 2158 2838 Johanne
2189 2766 2692 2858 Aurelianensi,
2730 2770 2949 2839 Ivone

843 2883 1277 2974 Carnotensi,
1317 2886 1616 2978 Hugone
1668 2882 2108 2972 Nivernensi,
2155 2882 2567 2955 Humbaldo
2603 2880 2945 2954 Autissio-

843 2992 1156 3086 dorensi,
1193 2996 1483 3069 accessit
1498 2999 1544 3069 ⁸.
1583 2998 1724 3086 Qui
1754 2997 1829 3069 in
1860 2995 1980 3069 die
2028 2997 2469 3070 Inventionis
2513 2998 2737 3070 sancti
2779 3022 2947 3097 pro·

839 3113 1212 3207 omartyris
1254 3111 1652 3210 Stephani⁸,
1720 3112 2226 3184 sacratissimo⁸
2254 3114 2609 3186 unctionis
2658 3113 2942 3209 liquore

842 3222 1270 3318 delibutum,
1305 3228 1552 3300 missas
1579 3228 1965 3321 gratiarum
1997 3252 2232 3324 agenS,
2278 3227 2699 3326 abjectoque
2740 3252 2947 3301 secu·-

841 3336 1004 3410 laris
1041 3340 1307 3415 militiae
1340 3341 1599 3439 gladio,
1638 3341 2107 3417 ecclesiastico
2156 3343 2252 3417 ad
2282 3343 2671 3416 vindictam
2726 3343 2951 3417 male·

840 3452 1192 3528 factorum
1222 3458 1616 3554 accingenS,
1654 3456 2055 3531 diademate
2102 3459 2302 3555 regni
2350 3474 2705 3555 gratanter
2744 3481 2955 3533 coro·

921 3706 948 3761 1
967 3748 982 3763 .
1005 3704 1340 3765 Demberms
1367 3708 1506 3780 135,
1538 3708 1680 3766 543.

922 3799 984 3857 Ξ.
1008 3797 1450 3856 Ρνοοίποίαἱίὂω·
1482 3800 1661 3871 5925,
1700 3802 1878 3871 6265,
1910 3802 2127 3863 12710.

921 3888 983 3946 3.
1016 3888 1108 3949 Sic
1141 3891 1274 3951 cod.
1317 3908 1439 3969 reg.
1487 3893 1676 3964 6265,
1708 3903 1879 3970 atque
1912 3891 2045 3952 edd.
2083 3892 2293 3954 chesn.
2328 3903 2387 3953 et
2422 3892 2642 3955 Bened.
2673 3924 2751 3937 —
2778 3896 2955 3952 Ieme

844 3980 1192 4055 Car-notense',
1217 3986 1452 4061 Hugone
1475 3986 1973 4049 Autissiodorensi,
2002 3994 2237 4044 accessit
2268 3990 2383 4047 135
2414 3999 2475 4047 et
2510 3986 2607 4049 ed·
2642 3986 2848 4047 Germ.
2870 4015 2955 4031 —

841 4078 1012 4133 Ivone
1057 4077 1386 4136 Carnotensi
1398 4122 1415 4152 ,
1470 4082 1707 4155 Hugone
1760 4082 1821 4137 N
1820 4083 2092 4138 ebernensi
2104 4124 2119 4151 ,
2165 4080 2641 4139 Autissiodorensi
2649 4128 2667 4157 ,
2712 4084 2957 4139 act-enit

843 4168 983 4240 543,
1013 4168 1190 4240 5925,
1224 4171 1440 4230 12710.

925 4254 984 4315 4·
1011 4254 1116 4318 Die
1139 4259 1366 4338 augusti
1395 4260 1667 4339 secunda,
1698 4278 1795 4322 an.
1828 4262 2006 4323 1108.
2037 4293 2116 4310 —
2138 4265 2197 4322 5.
2230 4267 2624 4326 sacratissime
2646 4266 2787 4325 ¹35.
