3275 5317
852 558 969 616 378
1286 554 1611 615 oeuvnrs
1649 538 2076 617 comemms
2113 556 2217 615 nr.
2253 557 2522 617 suern.

848 714 1139 763 currere
1178 714 1405 791 pauca
1456 687 1549 762 de
1597 688 1869 782 multiS,
1935 690 2052 761 vix
2099 688 2339 786 aliqua
2389 688 2482 762 de
2537 692 2920 785 innumeriS,

848 806 1172 904 quamvis
1202 805 1445 879 omnia
1476 804 1732 877 melius
1766 806 1919 904 ipse
1947 805 2262 895 noveriS,
2291 821 2365 879 et
2393 828 2436 877 a
2465 822 2538 879 te
2567 807 2795 905 potius
2817 808 2922 881 ista

848 922 1063 995 scribi
1097 922 1521 1021 oportuerit.
1564 920 1707 993 Sed
1737 922 1907 1019 quia
1938 922 2040 994 ita
2068 922 2204 1013 vis,
2252 921 2422 1019 quia
2464 922 2800 1021 praecipis,
2837 922 2920 995 fa·

847 1038 1033 1111 ciam
1064 1053 1147 1110 ut
1181 1053 1459 1136 potero,
1488 1038 1656 1135 quia
1689 1035 1820 1109 tibi
1855 1036 2036 1109 nihil
2064 1036 2473 1133 negandum
2503 1038 2792 1111 aestimo.

1665 1400 1859 1449 Lmlm
1891 1400 2177 1451 PRIMUS.

946 1649 1243 1723 Videtur
1272 1651 1511 1748 itaque
1536 1649 1647 1723 vir
1667 1649 1799 1723 iste
1829 1648 1922 1723 ad
1952 1652 2095 1725 hoc
2126 1652 2464 1725 divinitus
2495 1652 2830 1742 directus,
2863 1666 2932 1723 ut

844 1792 993 1840 non
1044 1792 1274 1839 unum
1320 1780 1603 1839 tantum
1666 1768 1784 1839 cui
1841 1784 2142 1867 praeerat
2197 1767 2468 1859 locum,
2531 1768 2658 1841 sed
2719 1782 2932 1841 totum

846 1888 1284 1956 Francorum
1322 1880 1714 1955 illustraret
1757 1882 2174 1982 imperium,
2221 1884 2316 1957 ad
2356 1884 2498 1956 hoc
2546 1899 2926 1982 promotus,

846 2024 993 2072 non
1028 2014 1111 2071 ut
1139 2022 1369 2071 unum
1400 1996 1926 2071 monachorum
1971 2022 2218 2094 genus,
2263 1999 2394 2071 sed
2423 1998 2798 2071 universos
2825 2002 2936 2069 Ec-

842 2112 1067 2186 clesiae
1108 2112 1398 2187 ordines
1434 2111 1880 2209 singulariter
1929 2113 2080 2211 ipse
2123 2114 2576 2212 proveheret.
2629 2112 2816 2185 Illud
2857 2112 2934 2183 si-

837 2228 1132 2327 quidem
1164 2228 1425 2301 dehoc
1455 2230 1614 2300 viro
1658 2228 1904 2300 mirari
1946 2228 2148 2320 libet,
2195 2228 2398 2327 quod
2442 2230 2518 2300 in
2563 2244 2712 2301 tam
2751 2228 2936 2301 bren

841 2344 1267 2443 corpusculo
1314 2344 1531 2418 talem
1584 2358 1838 2417 natura
1885 2343 2340 2417 collocaverit
2391 2345 2717 2416 animum
2737 2398 2757 2435 ‚
2803 2359 2934 2415 tam

839 2461 1264 2553 formosum,
1298 2475 1447 2533 tam
1478 2484 1812 2555 magnum
1839 2487 1855 2531 :
1878 2460 2018 2531 nisi
2045 2458 2244 2558 quod
2263 2456 2584 2559 liquido¹
2615 2484 2748 2558 per
2763 2456 2936 2531 hunc

839 2576 1219 2650 ostendere
1268 2576 1495 2649 voluit
1542 2600 1750 2674 posse
1793 2574 1928 2647 sub
1956 2574 2280 2674 qualibet
2309 2590 2472 2649 cute
2501 2576 2824 2647 animum
2851 2573 2936 2646 la-

838 2708 989 2765 tere
1036 2692 1664 2785 formosissimum,
1707 2706 1778 2763 et
1822 2692 2078 2789 quovis
2114 2692 2278 2763 loco
2325 2692 2526 2763 nasci
2573 2692 2931 2783 virtutem3

837 2823 910 2880 et
946 2823 1029 2880 ut
1070 2809 1414 2881 sciremus
1454 2807 1804 2881 brevitate
1835 2806 2162 2905 corporis
2191 2808 2514 2879 animum
2559 2832 2714 2879 non
2763 2806 2936 2879 infir-

836 2923 1040 3011 mari,
1090 2922 1482 2995 sed‘animi
1526 2920 1800 2994 viribus
1853 2944 2114 3019 corpus
2171 2923 2439 2993 ornari.
2481 2926 2751 2993 Verum
2787 2922 2928 3017 quia

834 3036 1081 3109 falsam
1100 3037 1191 3110 de
1223 3038 1347 3111 illo
1374 3038 1793 3136 opinionem
1815 3037 1897 3107 in
1917 3036 2403 3134 quorumdam
2419 3037 2768 3110 cordibus
2786 3062 2934 3110 con-

834 3151 1135 3224 valuisse
1168 3154 1343 3245 scio,
1375 3151 1559 3225 illud
1583 3150 1984 3240 sciendum,
2020 3151 2390 3225 absentem
2419 3152 2619 3225 hunc
2639 3168 2711 3225 et
2743 3152 2930 3244 longe

832 3266 1149 3365 positum
1177 3270 1201 3305 ²
1228 3268 1323 3340 ad
1358 3266 1674 3364 regimen
1712 3281 2045 3341 vocatum
2095 3267 2334 3357 fuisse,
2391 3266 2494 3339 nil
2539 3266 2683 3341 tale
2729 3268 2930 3364 suspi-

833 3397 1143 3473 cantem,
1176 3382 1304 3455 sed
1336 3398 1410 3456 et
1438 3384 1809 3457 accessisse
1837 3382 2168 3457 invitum.
2203 3386 2348 3457 Nec
2377 3382 2480 3455 illi
2507 3382 2722 3457 reniti
2751 3382 2928 3455 licuit

830 3514 955 3570 aut
976 3498 1281 3572 obscure
1308 3501 1530 3572 vitam
1561 3498 1976 3593 transigere,
2007 3523 2097 3571 eo
2125 3499 2320 3597 quod
2354 3500 2429 3571 in
2461 3500 2776 3573 medium
2791 3500 2922 3596 jam

831 3614 1035 3686 illum
1066 3612 1479 3715 protulisset
1512 3615 1772 3711 ingenii
1810 3615 2016 3710 vigor
2044 3630 2118 3688 et
2139 3614 2472 3709 eruditi0,
2510 3615 2628 3688 vel
2659 3640 2922 3712 magno—

838 3753 1005 3801 rum
1034 3731 1353 3805 virorum
1373 3729 1652 3803 nobiles
1683 3730 2033 3823 amicitiae',
2077 3731 2302 3805 immo
2327 3730 2526 3829 quod
2555 3756 2766 3831 supra
2793 3731 2922 3803 haec

910 4008 938 4062 1
952 4044 971 4063 .
995 4008 1240 4081 Liquide
1260 4006 1397 4067 edd.

911 4100 971 4155 2.
1000 4100 1223 4178 Nempe
1249 4100 1313 4159 in
1350 4098 1516 4158 Italia
1538 4112 1661 4159 tum
1691 4111 2038 4159 versantem.
2068 4103 2156 4158 De
2181 4098 2292 4157 bac
2319 4098 2617 4173 electione,
2643 4100 2716 4159 cf.
2751 4104 2918 4157 Vitam

826 4192 1096 4251 Ludovici
1126 4196 1339 4264 Grossi,
1375 4194 1575 4274 supra,
1598 4212 1661 4272 p.
1689 4195 1806 4253 109
1844 4205 1903 4252 et
1935 4212 2087 4270 seq„
2127 4194 2654 4272 documentumque
2685 4195 2720 4254 ὲ
2755 4206 2915 4255 veter.

826 4283 1031 4346 chron.
1064 4286 1261 4345 Sancti
1298 4284 1561 4361 Dionysii
1584 4297 1928 4365 extractum,
1955 4286 2128 4361 infra,
2155 4308 2218 4368 p.
2249 4290 2386 4349 413.
