3275 5317
1045 562 1170 621 vn:
1201 564 1304 621 DE
1334 562 1558 621 Loms
1596 562 1691 619 LE
1726 562 1945 621 GROS.
2522 564 2557 623 9

760 924 980 1005 VITA
1025 922 1735 1004 GLORIOSISSIMI
1789 924 2256 1007 LUDOVICI

888 1136 1306 1189 FRANconulu
1370 1136 1566 1184 REGIS
1623 1136 2107 1189 mnusrmssml

1123 1268 1380 1322 merra·
1439 1269 1795 1323 mmmm
1819 1244 1873 1320 ¹.

547 1540 605 1609 1.
662 1535 1028 1609 Gloriosus
1060 1536 1278 1632 igitur
1311 1552 1384 1609 et
1413 1536 1729 1608 famosus
1775 1560 1899 1609 rex
1944 1540 2383 1609 Francorum
2432 1541 2565 1609 Lu-

410 1708 423 1722 .
452 1650 776 1742 dovicuS,
819 1650 998 1745 regis
1028 1650 1388 1746 magnifici
1419 1650 1731 1749 Philippi
1760 1651 1971 1741 filius,
1993 1652 2345 1749 primaevae
2382 1650 2563 1725 flore

451 1765 696 1859 aetatiS,
730 1766 880 1837 fere
910 1763 1148 1838 adhuc
1179 1765 1582 1838 duodennis
1609 1792 1734 1838 seu
1780 1766 2167 1859 tredennis,
2190 1766 2473 1863 elegans
2494 1783 2568 1840 et

449 1880 832 1970 formosus,
893 1894 1087 1952 tanta
1138 1904 1427 1953 morum
1476 1880 1965 1979 probabilium
2020 1880 2401 1954 venerabili
2450 1884 2565 1953 in-

451 1996 750 2088 dustria,
791 2012 986 2069 tanta
1009 1998 1468 2069 amoenissimi
1509 1999 1835 2097 corporis
1877 1998 2297 2096 proceritate
2341 1998 2564 2097 profi-

453 2111 708 2204 ciebat,
767 2126 848 2183 ut
886 2126 958 2183 et
1013 2113 1310 2210 sceptris
1359 2112 1614 2184 futuris
1662 2114 1892 2211 reipsa
1934 2112 2567 2211 amplificationem

453 2225 923 2299 honorificam
953 2228 1452 2300 incunctanter
1484 2229 1957 2324 promitteret,
2001 2242 2075 2299 et
2108 2227 2568 2301 ecclesiarum
2695 2279 2708 2294 .

452 2357 524 2414 et
560 2367 954 2441 pauperum
999 2342 1286 2414 tuitioni
1332 2366 1532 2439 spem
1577 2344 1895 2415 votivam
1940 2356 2333 2437 generaret.
2370 2342 2571 2415 Altus

451 2458 824 2556 pueruluS,
859 2458 1152 2554 antiqua
1184 2482 1436 2552 regum
1453 2458 1689 2528 Caroli
1718 2455 1952 2549 Magni
1992 2468 2067 2527 et
2092 2455 2400 2527 aliorum
2445 2481 2569 2528 ex·-

454 2569 958 2643 cellentiorum
975 2625 996 2662 ,
1056 2571 1200 2642 hoc
1261 2570 1500 2668 ipsum
1576 2570 2015 2642 testamentis
2088 2568 2571 2667 imperialibus

458 2683 1016 2777 testificantium,
1075 2683 1617 2771 consuetudine,
1672 2683 1866 2783 apud
1924 2687 2263 2755 Sanctum
2289 2685 2552 2781 Diony·

457 2800 678 2870 sium¹
703 2813 900 2871 tanta
927 2813 1000 2869 et
1015 2800 1214 2895 quasi
1243 2799 1476 2871 nativa
1497 2796 1878 2870 dulcedine
1908 2798 2079 2895 ipsis
2103 2799 2365 2871 sanctis
2386 2822 2570 2871 mar-
2638 2864 2649 2887 ,

455 2913 734 3013 tyribus
777 2914 1062 3012 suisque
1109 2913 1436 3006 adhaesit,
1506 2938 1735 3012 usque
1784 2913 1967 2985 adeo
2020 2927 2099 2985 ut
2154 2914 2469 2987 innatam
2526 2940 2571 2987 a

452 3053 680 3129 puero
703 3053 956 3101 eorum
978 3030 1287 3102 ecclesiae
1318 3030 1703 3103 amicitiam
1722 3044 1879 3101 toto
1900 3044 2225 3127 tempore
2242 3030 2407 3103 vitae
2428 3054 2570 3102 suae

453 3142 680 3217 multa
733 3142 1157 3217 liberalitate
1223 3158 1294 3216 et
1351 3144 1901 3219 honorificentia
1963 3144 2435 3235 continuaret,
2499 3158 2573 3217 et

455 3258 530 3329 in
557 3258 726 3350 fine,
766 3284 1044 3331 summe
1075 3274 1240 3358 post
1270 3262 1506 3332 Deum
1537 3284 1827 3358 sperans
1875 3258 1969 3329 ab
2002 3258 2129 3341 eis,
2166 3260 2475 3358 seipsum
2502 3274 2572 3331 et

455 3398 764 3473 corpore
786 3390 858 3448 et
887 3376 1152 3467 anima,
1193 3390 1274 3448 ut
1295 3376 1354 3447 si
1387 3374 1540 3446 fieri
1559 3390 1826 3472 posset,
1866 3372 2137 3445 ibidem
2182 3373 2574 3445 monachus

457 3487 885 3581 efficeretur,
901 3490 1356 3563 devotissime
1377 3489 1847 3563 deliberando
1866 3487 2343 3562 contraderet.
2361 3491 2569 3573 Saue,

457 3603 744 3701 praefata
777 3618 1008 3698 aetate,
1039 3607 1282 3678 animo
1311 3604 1608 3703 juvenili
1641 3606 1879 3700 vigere
1910 3600 2314 3676 maturabat
2350 3602 2575 3676 virtus

543 3808 602 3865 1.
647 3810 786 3868 Post
826 3808 1104 3889 capitula,
1143 3808 1206 3869 in
1235 3810 1360 3868 solo
1397 3811 1530 3870 cod.
1586 3812 1725 3881 135,
1762 3808 1975 3887 legitur
2014 3807 2210 3869 titulus
2246 3806 2365 3887 ille,
2402 3827 2573 3887 quem

463 3896 604 3957 dant
625 3898 796 3960 etiam
821 3902 960 3963 edd.
989 3902 1204 3965 chesn.
1233 3922 1302 3962 ac
1333 3904 1552 3964 Bened.

542 3994 600 4048 2.
647 3996 842 4073 Usque
876 3997 950 4055 ad
973 3995 1208 4057 tertium
1225 3996 1512 4057 decimum
1539 4016 1757 4058 annum
1784 3995 2107 4059 Ludovicns
2133 3997 2197 4055 in
2224 3993 2577 4056 monasterio

463 4082 656 4143 Sancti
701 4088 962 4168 Dionysii
1015 4092 1290 4151 educatus
1334 4104 1442 4151 est.
1503 4092 1594 4153 cf.
1636 4090 1863 4171 sugerii
1906 4090 2117 4151 librum
2169 4094 2259 4148 De
2296 4086 2463 4147 rebus
2516 4093 2578 4147 in-

457 4178 952 4330 a'gministratione
991 4190 1098 4243 sud
1131 4190 1328 4261 gestis,
1367 4204 1496 4266 cap.
1539 4188 1639 4263 32,
1685 4196 1742 4245 et
1786 4188 2097 4264 ScrIpeores
2148 4188 2279 4243 Rer.
2332 4184 2573 4256 Gallie„

550 4274 599 4349 1,
623 4275 765 4334 955.
