3275 5317
661 610 804 669 SUR
845 610 985 668 soN
1027 609 1660 666 ADMINISTRATION
1701 609 2138 667 ABBATIALE.
2349 614 2460 671 165

338 743 611 818 cultam
626 742 940 841 dirumpi
971 742 1294 815 fecimus,
1328 744 1504 830 Quae
1526 742 1777 838 quanti
1807 739 2068 814 debeat
2103 757 2456 835 constare,

335 859 579 959 potius
608 873 1036 955 cognoscent
1079 857 1203 954 qui
1241 880 1397 929 eam
1440 854 1788 930 aedificare
1823 857 2262 948 innitentur;
2292 882 2462 929 cum

328 977 485 1073 jam
506 973 775 1046 ibidem
802 974 947 1045 sint
971 972 1121 1045 fere
1139 973 1497 1068 sexaginta
1525 972 1867 1072 hospiteS,
1894 987 1966 1043 et
1988 970 2228 1044 adhuc
2249 972 2460 1044 multi

334 1090 579 1162 venire
622 1089 905 1185 eligant,
950 1088 1009 1159 si
1049 1088 1141 1159 sit
1188 1088 1312 1185 qui
1349 1087 1752 1187 provideat.
1805 1092 1973 1160 Erat
2016 1088 2212 1160 enim
2257 1087 2459 1159 locus

333 1203 455 1276 ille
496 1205 698 1301 quasi
738 1202 1077 1304 spelunca
1108 1202 1501 1294 latronum,
1539 1201 1814 1275 habens
1842 1203 2027 1275 ultra
2062 1200 2211 1274 duo
2227 1200 2458 1274 milia-

332 1322 439 1395 ria
514 1319 815 1411 deserti,
906 1319 1206 1390 omnino
1282 1318 1587 1390 ecclesiae
1640 1333 1899 1391 nostrae
1940 1317 2454 1409 infructuosus,

334 1435 749 1535 raptoribus
796 1451 871 1508 et
918 1433 1339 1507 satellitibus
1387 1446 1678 1531 propter
1723 1431 2176 1505 affinitatem¹
2212 1456 2460 1504 nemo-

334 1576 501 1623 rum
555 1566 787 1649 aptus.
845 1553 1237 1648 Eapropter
1298 1547 1570 1620 ibidem
1625 1547 1882 1619 fratres
1949 1562 2236 1619 nostros
2303 1551 2456 1619 Deo

338 1665 699 1739 deservire
726 1665 1235 1763 disposuimuS,
1257 1678 1335 1735 ut
1368 1663 1442 1733 in
1470 1662 1856 1753 cubilibus,
1885 1662 1958 1733 in
1982 1662 2454 1761 quibusprius

334 1782 687 1855 dracones
718 1778 1163 1870 babitabant,
1204 1778 1477 1851 oriatur
1506 1778 1704 1850 viror
1736 1778 1986 1850 calami
2014 1793 2087 1850 et
2103 1778 2327 1876 junci.

453 1897 971 1969 Possessionem
1041 1894 1233 1967 beati
1300 1895 1623 1991 Dionysii
1686 1895 1764 1967 in
1829 1918 1974 1991 qua
2049 1894 2455 1966 continetur

330 2010 628 2085 Mesnile
674 2012 913 2083 Sancti
941 1998 1292 2108 Dionysii,
1332 2025 1405 2082 et
1446 2012 1732 2081 Domna
1767 2011 1972 2080 Petra
1998 2010 2046 2100 ⁸,
2088 2023 2158 2080 et
2189 2023 2456 2080 caeterae

333 2125 520 2198 villae
550 2127 621 2197 in
654 2126 833 2198 valle
878 2126 1119 2197 castri·
1164 2124 1365 2221 quod
1415 2124 1679 2197 dicitur
1723 2123 2072 2213 Cabrosa,
2121 2148 2160 2193 a
2208 2120 2456 2195 multis

334 2254 531 2313 retro
562 2242 1007 2340 temporibus
1030 2240 1263 2311 tribus
1290 2238 1499 2311 talliis
1516 2240 1941 2337 expositam,
1961 2237 2298 2310 videlicet
2319 2236 2452 2308 do-

334 2357 535 2428 mino
580 2358 795 2429 castri
846 2355 1201 2444 Cabrosae,
1255 2370 1329 2426 et
1375 2354 1674 2426 domino
1709 2354 1922 2425 castri
1971 2352 2348 2451 Nielphae‘,
2385 2365 2456 2422 et

332 2472 610 2544 Simoni
646 2472 739 2544 de
774 2470 953 2541 Villa
995 2472 1226 2560 Aten⁸,
1264 2493 1519 2540 eorum
1545 2469 1932 2566 rapacitate
1977 2467 2276 2538 omnino
2308 2466 2456 2538 fere

333 2583 810 2667 destitutam‘‚
845 2609 995 2655 non
1045 2583 1197 2655 sine
1225 2583 1504 2677 magnis
1534 2583 1858 2679 expensis
1901 2582 1994 2653 ab
2039 2580 2456 2677 hujusmodi

331 2696 915 2796 oppressionibus
933 2698 1577 2795 emancipavimus3
1605 2721 1689 2769 ea
1715 2696 1889 2787 sola,
1909 2720 2065 2793 quae
2085 2695 2180 2768 ad
2199 2721 2456 2768 eorum

333 2811 884 2886 advocationem
908 2814 1072 2909 jure
1105 2812 1493 2912 pertinent,
1525 2811 1990 2886 remittentes
2039 2816 2184 2883 Nec
2217 2811 2454 2883 minus

333 2928 551 3001 etiam
600 2928 1056 3001 venationem
1105 2926 1449 3019 Ivelinae⁷,
1492 2924 1674 2999 inffa
1709 2943 1938 3000 metas
1984 2920 2191 2999 ten-ae
2231 2951 2447 3024 quam

329 3043 548 3117 beato
582 3044 923 3139 Dionysio
957 3042 1203 3115 multis
1236 3044 1685 3142 temporibus
1723 3042 2208 3134 abstulerunt,
2245 3068 2448 3116 recu-

329 3160 759 3258 peravimus,
805 3164 896 3230 Et
938 3182 1030 3230 ne
1071 3158 1145 3229 in
1197 3173 1569 3256 posterum
1616 3158 1965 3230 oblivioni
2021 3156 2444 3246 traderetur,

326 3270 501 3343 illuc
570 3285 905 3343 exeuntes
956 3294 1085 3369 per
1143 3272 1561 3344 continuam
1628 3272 2100 3370 septimanam
2121 3324 2142 3356 ‚
2210 3270 2450 3342 ascitis

328 3386 545 3459 nobis
582 3386 997 3485 approbatis
1048 3386 1295 3458 amicis
1348 3400 1420 3459 et
1456 3385 1875 3459 hominibus
1913 3386 2176 3459 nostris
2181 3441 2205 3476 ,
2247 3383 2450 3457 vide-

410 3586 439 3642 1
458 3627 473 3643 .
504 3586 865 3641 Victinitatem
889 3582 984 3643 ed.
1015 3580 1229 3641 Chesn.

410 3680 473 3738 2.
517 3680 681 3735 Nunc
706 3682 790 3735 Le
816 3677 1443 3736 Mesm'l-Saint-Demk
1483 3686 1543 3735 et
1584 3681 1954 3753 Dampae'erre,
1997 3686 2182 3751 prope
2231 3672 2450 3749 Capro-

326 3769 471 3829 siam
496 3769 871 3849 (chevreuse).

412 3866 470 3924 3.
502 3866 710 3923 Ceterae
737 3868 880 3921 villa
906 3869 1081 3920 castrt·
1106 3862 1201 3923 ed.
1228 3862 1439 3923 Chesn.

409 3960 471 4019 Ιι.
512 3958 1210 4034 ΝέαιιρῇΙε-Ιε-ίὴατεαιι,
1236 3957 1389 4014 circa
1412 3955 1613 4014 eadem
1643 3954 1792 4015 loca.

410 4054 473 4111 5.
516 4054 756 4124 Wlfflin,
788 4049 849 4108 in
875 4049 1221 4109 Vei-saliensi
1245 4046 1543 4109 suburbio-

410 4147 470 4203 6.
503 4146 855 4200 Desmoetam
882 4142 978 4201 ed.
1010 4142 1222 4204 Chesn.

410 4240 470 4298 7.
509 4234 727 4295 Ivelina
762 4232 906 4294 silva
927 4282 945 4316 ,
972 4234 1107 4293 olim
1137 4231 1463 4314 spatiosior,
1494 4232 1554 4291 in
1583 4230 1746 4291 Belsa
1768 4230 1877 4291 sita
1905 4228 2307 4291 Rambolitana
2336 4248 2450 4289 vo—

328 4341 493 4389 catur
538 4330 571 4387 a
598 4328 914 4392 modernis.
