3275 5317
847 572 962 629 aas
1285 566 1611 625 OEuvass
1653 548 2083 623 constares
2125 567 2228 621 m:
2267 564 2534 623 susan.

844 701 1389 776 elaboravimus,
1432 699 1776 787 Quamvis
1826 699 2018 771 enim
2071 698 2445 769 occasione
2489 695 2947 793 querulorum

842 817 1357 890 canonicorum
1402 814 1496 885 ad
1543 838 1670 885 vos
1719 812 2351 915 proficiscentium,
2389 836 2477 882 eo
2530 810 2732 908 quod
2763 810 2950 881 curia

846 954 1141 1004 romana
1168 931 1537 1002 consuevit
1562 929 1949 1029 aliquando
1980 928 2209 1024 (quod
2233 943 2440 1025 turpe
2461 951 2606 999 non
2627 924 2766 1024 est)
2785 950 2942 997 cum

846 1072 921 1118 re
972 1058 1253 1117 mutare
1304 1044 1682 1117 consilium
1704 1102 1724 1138 ,
1786 1044 2088 1117 discrete
2146 1042 2662 1115 distulissemus
2681 1100 2700 1130 ,
2761 1040 2948 1111 nulla

848 1176 1087 1235 tamen
1120 1158 1764 1232 contradicentium
1799 1158 2157 1231 nobilium
2181 1172 2305 1229 aut
2337 1154 2792 1252 ignobilium¹
2817 1155 2950 1225 cle·

846 1280 1165 1351 ricorum
1217 1301 1343 1347 seu
1389 1275 1731 1349 laicorum
1780 1275 2236 1374 oppositione
2279 1290 2666 1371 tepescere,
2713 1286 2836 1341 aut
2885 1274 2948 1341 in

850 1393 1087 1489 aliquo
1115 1404 1327 1489 super
1351 1390 1492 1462 hoc
1520 1392 1676 1490 ipso
1699 1390 2056 1463 remissius
2079 1388 2342 1461 habere
2360 1389 2902 1459 decreveramus
2929 1411 2944 1455 :

848 1532 1011 1579 cum
1048 1505 1309 1598 subitO,
1344 1506 1672 1603 proxima
1721 1504 1839 1578 die
1887 1506 2032 1576 fere
2085 1505 2290 1576 tertia
2340 1519 2468 1577 aut
2521 1518 2782 1598 quarta
2819 1528 2950 1599 qua

848 1622 1293 1715 designatum
1333 1619 1670 1692 abbatem
1731 1634 1801 1691 et
1847 1619 2238 1691 monachos
2283 1620 2356 1689 in
2388 1617 2683 1689 ecclesia
2715 1618 2950 1689 eadem

846 1760 1114 1836 ponere
1137 1760 1765 1834 proposueramuS‚
1789 1759 1954 1807 ecce
1972 1734 2239 1833 praefati
2257 1733 2608 1823 canonici,
2636 1733 2952 1805 videlicet

849 1866 1101 1924 cantor
1128 1864 1195 1923 et
1232 1851 1377 1940 alii,
1416 1876 1457 1921 a
1500 1850 1677 1923 facie
1719 1866 1951 1924 vestra
1995 1848 2395 1940 redeuntes,
2437 1863 2788 1921 mutatam
2827 1872 2950 1945 pro

848 1964 1048 2037 bono
1105 1965 1299 2063 pacis
1353 1966 1778 2039 sententiam
1839 1969 1910 2037 in
1967 1966 2478 2038 canonicorum
2531 1963 2950 2059 regularium

852 2080 1206 2180 positione
1236 2080 1445 2153 nobis
1477 2080 2008 2154 reddiderunt¹.
2047 2085 2189 2151 Nos
2215 2094 2450 2151 autem
2479 2103 2684 2176 aeque
2710 2079 2950 2151 devote

851 2220 934 2268 ac
964 2209 1321 2290 gratanter
1369 2196 1758 2267 secundam
1803 2220 1887 2267 ac
1917 2196 1974 2266 si
2017 2196 2320 2293 primam
2352 2194 2778 2292 recipientes
2807 2218 2952 2265 sen-

854 2313 1177 2402 tentiam,
1201 2300 1576 2410 assumptis
1601 2311 1978 2383 nobiscum
2002 2309 2530 2383 venerabilibus
2546 2324 2616 2381 et
2635 2310 2952 2407 sapienti-

853 2424 989 2497 bus
1014 2427 1204 2516 viriS,
1236 2424 1566 2498 videlieet
1588 2426 1848 2498 abbate
1867 2426 2100 2497 Sancti
2123 2425 2492 2515 Germani,
2513 2425 2754 2495 Sancti
2789 2426 2952 2496 Petri

853 2542 1305 2629 Fossatensis,
1334 2542 1569 2613 Sancti
1592 2541 1940 2635 Maglorii‚
1971 2543 2206 2611 Sancti
2243 2541 2429 2612 Petri
2459 2540 2552 2611 de
2575 2540 2954 2625 Ferrariis³,

853 2671 921 2727 et
954 2656 1106 2726 aliis
1127 2653 1217 2726 de
1235 2655 1657 2728 melioribus
1685 2657 2010 2754 personis
2031 2656 2500 2727 assistentium
2535 2656 2952 2739 vicinorum,

853 2770 947 2841 ad
1004 2768 1314 2842 eundem
1368 2774 1639 2841 Sanctae
1677 2771 2054 2843 Genovesae
2095 2770 2332 2842 locum
2383 2768 2954 2857 acceleravimus3

854 2898 926 2955 et
958 2885 1032 2955 in
1066 2885 1381 2983 capitulo
1422 2910 1704 2976 eorum,
1750 2887 1927 2983 quid
1974 2912 2187 2984 super
2216 2885 2355 2957 hoc
2405 2900 2758 2977 extremO,
2799 2885 2957 2984 quid

856 3021 1067 3093 super
1116 2999 1351 3097 primo
1400 3000 1742 3099 capitu10,
1801 3002 2194 3073 secundum
2239 3017 2566 3073 tenorem
2605 3002 2962 3073 literarum

856 3136 1031 3209 quas
1060 3113 1268 3186 nobis
1300 3114 1733 3207 detulerunt,
1767 3120 2101 3215 prosequi
2125 3118 2413 3206 vellent,
2442 3117 2769 3189 consulte
2801 3143 2960 3189 con-

856 3230 1205 3301 venimus.
1259 3231 1426 3321 Qui,
1485 3247 1565 3304 ut
1617 3250 1818 3305 erant
1872 3233 2159 3323 diversi,
2226 3233 2502 3306 diversa
2557 3234 2960 3321 sentientes,

858 3366 1025 3414 cum
1060 3360 1186 3417 aut
1208 3362 1446 3417 utram
1474 3362 1595 3418 aut
1624 3362 1954 3420 neutram
1981 3347 2430 3419 concorditer
2461 3352 2811 3447 prosequi
2831 3347 2966 3419 nol-

857 3457 1007 3532 lent
1024 3463 1478 3553 sententiam,
1511 3463 1740 3536 multa
1760 3480 1829 3535 et
1853 3488 2138 3535 morosa
2166 3464 2750 3562 reprehensione,
2777 3460 2966 3561 quod

858 3575 1069 3646 etiam
1117 3578 1505 3675 postulata,
1546 3578 1745 3674 quod
1791 3580 2002 3650 etiam
2051 3578 2598 3651 misericorditer
2641 3602 2964 3650 concessa

859 3690 1275 3783 refutarent,
1303 3691 1800 3765 insistebamus
1819 3721 1837 3785 ;
1868 3694 2101 3767 donec
2124 3695 2248 3792 qui
2266 3695 2564 3767 sanioris
2579 3708 2790 3767 eraut
2819 3718 2968 3765 oon-

941 3913 970 3969 1
986 3954 1001 3969 .
1026 3906 1361 3967 Innobilium
1385 3910 1527 3973 edit.
1560 3909 1814 3970 Chesnii.

942 4007 1000 4061 2.
1027 4005 1099 4065 V.
1120 4002 1223 4063 has
1248 4002 1593 4083 posteriores
1620 4004 1860 4080 litteras,
1889 4007 2054 4065 datas
2077 4005 2369 4087 Vercellis,
2399 4026 2496 4063 xvi
2523 4005 2640 4066 kal.
2665 4006 2806 4086 julii
2835 4007 2970 4086 ejus-

860 4096 993 4154 dem
1019 4094 1179 4169 anni,
1203 4095 1261 4153 in
1288 4102 1420 4159 Iler.
1450 4102 1595 4175 gall.
1628 4101 1856 4175 scripu,
1883 4102 2014 4170 XV,
2045 4104 2184 4162 1051.

942 4195 1001 4249 3.
1040 4190 1151 4264 Qui
1182 4192 1351 4267 Hugo
1368 4192 1435 4260 V,
1465 4192 1792 4265 AscelinuS,
1827 4192 2168 4253 Baldovicus
2186 4208 2244 4255 et
2263 4198 2512 4255 Joannes
2541 4210 2680 4257 tunc
2708 4198 2970 4259 nomina-

862 4282 1093 4346 bantur.
