3275 5317
842 356 960 413 408
1282 358 1614 415 OEuvnns
1655 340 2086 415 coMPLn‘rsss
2123 360 2224 415 nn
2273 360 2546 419 suom.

847 490 995 587 ipse
1019 488 1451 589 disponeret,
1500 514 1814 587 quorum
1849 492 2168 562 munitus
2213 492 2562 587 suffragiis
2603 494 2830 565 tutius
2863 494 2944 568 de

843 604 984 679 hoc
1036 604 1273 677 seculo
1322 608 1680 702 migraret.
1729 607 1856 677 His
1899 605 2160 678 cotidie
2211 606 2689 679 assidentibus
2731 608 2948 681 humi-

848 721 1011 793 liter
1036 720 1197 813 sibi,
1232 746 1426 793 nunc
1461 720 1846 817 sigillatim,
1889 745 2084 793 nunc
2105 721 2319 793 simtd
2349 722 2718 813 omnibus,
2758 726 2944 820 quic-

846 834 1023 932 quid
1050 837 1483 909 conscientia
1526 836 1897 910 metuebat
1911 893 1930 930 ‚
1975 862 2142 909 cum
2185 837 2429 909 multis
2475 838 2948 911 confitebatur

844 950 1196 1047 lacrymis.
1258 952 1383 1023 His
1436 951 1658 1025 fidem
1717 954 2064 1049 integram
2107 952 2548 1049 frequentius
2595 954 2940 1052 exposuit,

842 1066 935 1139 ab
964 1067 1077 1139 his
1106 1067 1450 1165 quicquid
1479 1066 1611 1141 sibi
1645 1067 2048 1164 injunctum
2081 1081 2154 1139 et
2184 1068 2488 1141 devotus
2510 1068 2866 1166 implevit,
2887 1085 2946 1140 et

843 1207 929 1256 ex
958 1206 1215 1255 eorum
1254 1182 1559 1255 vicissim
1592 1181 1954 1274 manibus,
1983 1207 2112 1282 per
2151 1182 2561 1280 quindecim
2606 1182 2762 1255 fere
2799 1200 2946 1256 ante

842 1298 1111 1371 exitum
1130 1322 1341 1371 suum
1357 1298 1508 1371 dies
1526 1300 1679 1371 sine
1696 1298 2240 1387 intermissione,
2264 1300 2622 1371 Dominici
2641 1301 2947 1399 oorpon's

848 1427 919 1485 et
950 1413 1311 1509 sanguinis
1342 1429 1782 1487 sacramenta
1811 1415 2141 1511 suscepit.
2173 1414 2433 1511 Sioque
2464 1428 2664 1486 totus
2687 1416 2784 1487 ad
2811 1418 2938 1486 Do·

846 1529 1127 1601 minum
1152 1552 1564 1619 conversuS,
1599 1546 1747 1602 tam
1772 1528 2024 1602 diebus
2055 1553 2274 1627 quam
2305 1528 2643 1601 noctibus
2671 1530 2944 1629 psalmis

849 1643 962 1715 vel
1016 1659 1432 1717 sanctorum
1502 1644 1918 1717 nominibus
1975 1668 2102 1743 per
2151 1642 2482 1715 ordinem
2543 1645 2942 1717 invooendis

850 1756 1187 1831 sollicitus
1238 1759 1683 1833 intendebat.
1743 1764 2014 1832 Fratres
2051 1784 2341 1857 quoque
2385 1784 2642 1831 omnes
2699 1760 2944 1833 indesi-

850 1887 1104 1947 nenter
1126 1874 1552 1948 hortabatur
1581 1876 1740 1975 paci
1769 1875 2080 1967 studere,
2116 1876 2462 1947 unitatem
2501 1890 2670 1947 ante
2726 1878 2950 1948 omnia

852 2012 1154 2081 servare,
1193 1989 1549 2081 scandala,
1592 1991 2000 2081 seditioneS‚
2045 1990 2158 2063 vel
2199 1991 2528 2063 scismata
2569 1992 2771 2061 omni
2814 2006 2950 2062 stu-

859 2102 983 2175 dio
1016 2104 1281 2199 fugere,
1320 2103 1593 2179 ordinis
1632 2105 2154 2178 conservationi
2189 2120 2260 2177 et
2283 2104 2528 2177 divino
2558 2104 2806 2191 cultui,
2841 2130 2958 2178 seu

866 2219 1289 2293 Sanctorum
1316 2222 1759 2295 venerationi
1791 2221 2170 2317 diligenter
2201 2220 2550 2293 monebat
2575 2220 2955 2291 intendere.

858 2336 1160 2407 Transiit
1212 2350 1455 2409 autem
1516 2335 1712 2408 idem
1782 2334 2268 2409 desiderabilis
2321 2350 2525 2433 pater
2593 2348 2668 2406 et
2727 2350 2961 2434 pastor

862 2450 1181 2545 egregius
1222 2452 1407 2523 inter
1445 2450 1662 2522 verba
1704 2452 2094 2523 Dominioae
2137 2448 2478 2522 orationis
2508 2464 2582 2521 et
2618 2448 2958 2546 Symboli,

863 2560 980 2635 die
1011 2565 1263 2639 iduum
1306 2567 1637 2664 januarii,
1679 2569 2194 2665 septuagesimo
2229 2566 2450 2637 aetatis
2493 2590 2636 2638 suae
2683 2588 2896 2657 anno,
2921 2590 2962 2635 a

862 2683 1308 2780 susceptione
1335 2698 1576 2756 autem
1610 2684 1986 2755 monastici
2016 2682 2298 2755 habitus
2329 2682 2478 2754 sere
2504 2684 2955 2777 sexagesimo,

864 2794 1293 2892 praelationis
1317 2822 1491 2871 vero
1521 2824 1664 2872 suae
1696 2798 2034 2895 vigesimo
2063 2812 2134 2869 et
2163 2821 2361 2869 nono
2387 2820 2604 2869 anno.
2643 2796 2960 2883 Transiit,

867 2910 1187 3007 inquam,
1225 2911 1481 3009 plenus
1508 2928 1656 2984 tam
1693 2912 1974 2985 dierum
2014 2936 2232 3011 quam
2265 2912 2642 3003 virtutum,
2685 2912 2756 2983 in
2789 2910 2966 2983 ooelo

868 3026 1125 3097 sanctis
1158 3028 1662 3121 exultantibuS,
1686 3029 1758 3100 in
1780 3030 1983 3101 terris
2006 3053 2182 3100 vero
2207 3028 2442 3099 omnis
2465 3050 2673 3099 sexus
2691 3025 2798 3097 vel
2815 3040 2970 3097 aeta·

870 3142 982 3232 tis,
1016 3144 1253 3213 omnis
1282 3142 1539 3236 gradus
1573 3143 1688 3215 vel
1716 3142 1987 3215 ordinis
2023 3142 2350 3215 fidelibus
2381 3143 2653 3215 moestis
2676 3156 2748 3213 et
2781 3139 2976 3240 plan-

868 3258 1221 3354 gentibus,
1256 3260 1473 3355 Cujus
1504 3260 1883 3358 sepulturae
1909 3276 1980 3333 et
2021 3261 2334 3358 exequiis
2363 3284 2500 3358 pro
2535 3282 2836 3359 persona
2863 3259 2977 3330 vel

867 3369 1007 3443 loci
1030 3372 1371 3469 dignitate
1396 3374 1900 3466 celeberrimis,
1923 3376 2068 3451 .Dei
2105 3391 2308 3464 nutu,
2351 3374 2830 3449 interfuerunt
2857 3400 2978 3445 sex

869 3486 1183 3586 episcopi
1239 3490 1718 3582 venerabileS,
1777 3506 1848 3563 et
1900 3490 2195 3564 abbates
2262 3516 2384 3563 seu
2407 3494 2425 3529 ¹
2496 3490 2612 3563 alii
2667 3488 2979 3585 religiosi

865 3602 1001 3675 viri
1025 3606 1050 3641 ¹
1086 3607 1648 3705 quamplurimi3
1683 3609 1810 3705 qui
1847 3608 2123 3681 devotis
2153 3606 2599 3681 orationibus
2629 3610 2790 3679 Deo
2837 3606 2980 3705 spi-

865 3718 1111 3812 ritum,
1140 3736 1339 3795 terrae
1366 3748 1624 3821 corpus
1651 3722 2064 3795 solemniter
2081 3720 2710 3796 commendarunt.
2749 3720 2983 3793 Chris·

949 3998 1010 4055 1.
1049 3998 1158 4053 Vel
1182 3994 1243 4055 in
1266 3995 1387 4056 sola
1415 3995 1557 4057 edit.
1586 3997 1803 4055 Bened-

946 4090 1008 4148 2.
1040 4092 1171 4146 Vir-1·
1201 4090 1357 4149 deest
1385 4089 1445 4149 in
1476 4088 1676 4149 eadem
1704 4090 1924 4147 tantum
1951 4086 2224 4149 editione.
