3275 5317
947 588 1070 645 VIE
1111 589 1212 646 DE
1250 588 1476 646 Loms
1517 590 1606 647 LE
1647 588 1864 648 Gnos.
2382 600 2459 658 49

347 720 575 811 navit,
609 742 888 791 necnon
946 735 1016 790 et
1073 735 1431 817 sceptrum
1493 734 1566 791 et
1627 721 1923 817 virgam,
1992 736 2063 795 et
2132 749 2265 823 per
2310 725 2462 800 haec

348 836 804 910 ecclesiarum
832 849 902 906 et
933 859 1330 933 pauperum
1355 835 1867 931 defensionem,
1894 854 1966 911 et
1996 863 2463 939 quaecumque

351 954 556 1047 regni
605 952 924 1046 insignia,
972 950 1418 1050 approbante
1459 952 1654 1025 clero
1701 969 1772 1027 et
1810 953 2106 1054 populo,
2149 955 2461 1028 devotis-

352 1066 530 1138 sime
561 1066 1014 1139 contradidit.
1045 1068 1365 1139 Necdum
1393 1083 1558 1167 post
1593 1068 2151 1142 celebrationem
2182 1070 2465 1144 divino·

349 1206 516 1253 rum
577 1180 862 1255 festivas
907 1182 1335 1280 deposuerat
1395 1183 1706 1274 exuvias,
1772 1209 1939 1257 cum
1996 1184 2237 1258 subito
2290 1184 2465 1257 mali

349 1297 594 1369 nuncii
619 1295 1052 1395 bajulatores
1074 1322 1118 1371 a
1135 1298 1462 1371 Remensi
1499 1299 1793 1371 ecclesia
1817 1299 2175 1391 assistunt,
2200 1299 2468 1373 litteras

349 1412 942 1485 contradictorias
987 1413 1411 1504 deferentes,
1458 1428 1532 1485 et
1575 1414 2002 1488 auctoritate
2046 1414 2461 1512 apostolica,

349 1528 410 1598 si
445 1528 866 1627 tempestive
887 1528 1274 1619 venissent,
1307 1552 1398 1601 ne
1431 1528 1623 1625 regia
1650 1528 1853 1600 fieret
1882 1530 2129 1601 unctio
2150 1528 2469 1602 intermi-

351 1658 630 1717 nantes.
662 1644 1014 1717 Dicebant
1045 1642 1400 1740 siquidem
1429 1645 1677 1743 primae
1698 1646 1883 1740 regis
1913 1668 2197 1717 coronae
2226 1644 2473 1741 primi-

350 1758 486 1831 tias
537 1758 630 1831 ad
688 1765 804 1856 jus
851 1758 1160 1832 ecclesiae
1215 1762 1578 1831 Remensis
1630 1775 1971 1858 spectare,
2017 1775 2090 1832 et
2147 1786 2187 1830 a
2229 1760 2468 1858 primo

349 1876 790 1946 Francorum
842 1898 1031 1971 rege,
1085 1899 1303 1971 quem
1359 1874 1745 1972 baptizavit
1786 1874 2039 1946 beatus
2085 1875 2465 1969 Remigius,

347 1987 748 2081 Clodoveo,
777 1988 968 2061 hanc
1008 1991 1548 2088 praerogativam
1594 1988 1943 2061 illibatam
1989 2004 2060 2061 et
2104 1987 2473 2061 inconvul-

351 2129 508 2177 sam
523 2104 846 2177 obtinere
876 2132 892 2176 ε
923 2106 983 2177 si
996 2108 1156 2204 quis
1175 2130 1338 2178 eam
1356 2107 1737 2178 temerario
1754 2130 1935 2177 ausu
1948 2104 2211 2177 violare
2235 2118 2469 2199 temp-

351 2219 633 2308 taverit,
667 2221 1104 2293 anathemati
1146 2236 1492 2319 perpetuo
1547 2219 1945 2317 subjacere.
1986 2224 2087 2289 Ea
2120 2214 2473 2313 siquidem

347 2336 746 2426 occasione,
783 2336 1326 2435 archiepiscopo
1367 2360 1522 2425 suo,
1577 2334 1965 2406 venerabili
2010 2346 2083 2402 et
2122 2330 2423 2401 emerito
2446 2333 2469 2369 ¹

345 2450 504 2522 viro
534 2450 766 2523 Viridi
783 2449 1122 2539 Rodulf0‚
1143 2450 1268 2547 qui
1291 2448 1574 2520 domini
1609 2450 1819 2544 regis,
1846 2472 1934 2518 eo
1969 2443 2169 2541 quod
2204 2442 2473 2541 absque

347 2564 502 2661 ejus
533 2588 826 2637 assensu
876 2564 1142 2635 electus
1191 2578 1259 2634 et
1307 2564 1825 2634 inthronizatus
1873 2562 2097 2632 fuerat
2148 2560 2314 2631 sede
2349 2564 2475 2630 Re·

344 2681 614 2767 mensi,
653 2678 1098 2773 gravissimas
1144 2692 1218 2749 et
1263 2677 1700 2775 periculosas
1728 2676 2127 2748 incurrerat
2164 2674 2471 2745 inimici-

349 2793 518 2881 tias,
555 2814 808 2889 pacem
835 2790 1236 2889 impetrare,
1269 2807 1396 2864 aut
1426 2816 1667 2888 regem
1694 2816 1841 2864 non
1879 2789 2213 2863 coronari
2239 2810 2474 2885 spera-

343 2904 552 2978 bant.
598 2908 798 2998 Qui¹‚
834 2908 1001 3005 quia
1049 2906 1540 3004 intempestive
1573 2919 1949 2995 venerunt,
1990 2902 2091 2975 ibi
2125 2902 2332 2995 muti,
2374 2900 2469 2973 ad

343 3022 644 3119 propria
666 3021 999 3120 loquaces
1030 3020 1398 3095 redierunt
1432 3020 1817 3119 :quicquid
1838 3035 2079 3092 tamen
2106 3018 2461 3109 dixerunt,

346 3136 529 3209 nihil
563 3136 736 3210 utile
767 3137 1228 3210 retulerunt⁸.

447 3254 636 3325 XIV.
690 3254 1092 3325 Ludovicus
1129 3253 1340 3350 igitur
1383 3252 1514 3323 Dei
1559 3252 1783 3347 gratia
1830 3275 1955 3323 rex
1995 3255 2465 3339 Francorum,

347 3366 695 3464 quoniam
721 3366 794 3437 in
821 3365 1299 3440 adolescentia
1317 3366 1632 3465 idipsum
1656 3379 2144 3451 consueverat,
2169 3363 2471 3435 dissues-

349 3504 512 3552 cere
560 3505 709 3553 non
762 3482 1024 3579 potuit,
1069 3480 1402 3554 videlicet
1445 3481 1773 3553 ecclesias
1802 3483 1824 3519 ⁸
1860 3480 2069 3569 tueri,
2119 3497 2469 3575 pauperes

351 3610 430 3669 et
459 3620 718 3693 egenos
753 3610 1151 3696 protegere,
1187 3597 1345 3695 paci
1373 3610 1448 3669 et
1475 3596 1677 3692 regni
1695 3590 2090 3667 defensioni
2112 3588 2461 3661 insistere.

435 3818 462 3874 1
480 3860 496 3877 .
526 3820 738 3875 Merito
763 3820 879 3878 135
905 3828 962 3877 et
982 3814 1077 3877 ed.
1107 3816 1311 3877 Germ.

434 3911 496 3967 2.
537 3910 706 3984 Quod
755 3908 1012 3988 quinque
1061 3906 1238 3971 codd.
1283 3918 1344 3968 et
1380 3904 1475 3968 ed.
1524 3906 1726 3965 Germ.
1769 3907 1844 3962 At
1894 3904 2018 3975 qut,
2060 3895 2287 3976 melius,
2324 3895 2462 3957 edd.

351 3998 569 4061 Chesn.
592 4011 652 4061 et
681 4004 898 4063 Bened.

434 4096 494 4158 3.
541 4096 764 4155 Doeunt
807 4094 868 4155 in
899 4094 1034 4157 eod.
1063 4100 1180 4157 543
1222 4092 1324 4154 itta
1369 4112 1472 4154 sex
1523 4091 1725 4151 ultima
1756 4085 1953 4149 verba.
1980 4113 2063 4132 ·-
2086 4090 2205 4145 Aut
2242 4090 2295 4144 si
2328 4084 2471 4161 quid

351 4189 648 4258 dixer-um,
679 4188 828 4247 nihil
856 4203 1044 4247 tamen
1073 4194 1214 4248 utile
1238 4192 1550 4247 retulerunt
1575 4184 1715 4245 dant
1739 4182 1876 4243 edd.
1902 4180 2115 4241 Chesn.
2151 4190 2209 4239 et
2248 4176 2465 4239 Benod.

439 4280 501 4340 Ε.
531 4282 819 4341 Ecclesia
847 4280 1007 4342 deest
1029 4281 1088 4341 in
1122 4281 1256 4341 cod.
1287 4280 1505 4341 12710.
