3275 5317
936 631 1061 687 vm
1102 632 1202 687 DE
1239 630 1462 689 Loms
1500 630 1593 688 LE
1634 629 1850 689 GROS.
2335 629 2450 689 139

342 768 559 841 clesia
586 764 780 837 beati
802 764 1150 861 Dionysii,
1168 764 1244 837 in
1269 765 1635 863 sepultura
1659 788 1911 861 regum
1935 778 2010 838 et
2025 766 2310 839 sinistra
2336 766 2456 838 al-

344 893 522 968 taris
546 904 802 964 sanctae
830 890 1185 962 Trinitatis
1210 904 1443 987 parte,
1478 890 1881 962 multorum
1907 903 2272 963 conventu
2296 891 2442 989 epi-

344 1030 734 1106 scoporum
774 1019 848 1077 et
884 1006 1086 1100 regni
1130 1005 1586 1104 optimatum,
1645 1028 1851 1076 more
1881 1006 2078 1101 regio
2120 1006 2452 1099 humat0,

344 1138 553 1223 pater
574 1122 855 1220 sapiens
873 1134 1037 1219 post
1062 1119 1397 1216 lugubres
1424 1121 1933 1217 querimoniaS,
1965 1136 2130 1220 post
2157 1121 2456 1195 misera·

348 1240 531 1313 biles
578 1238 741 1309 vitae
786 1236 1185 1335 superstitis
1228 1236 1804 1335 imprecationeS,
1849 1235 2344 1331 religiosorum
2384 1250 2460 1308 et

346 1353 783 1453 sapientium
817 1350 1121 1423 consilio
1136 1408 1158 1443 ,
1210 1350 1563 1423 consolari
1605 1349 1920 1424 admisit.
1971 1352 2112 1438 Qui
2144 1376 2312 1447 ergo
2348 1351 2461 1423 in-

348 1470 508 1543 timi
541 1470 695 1567 ejus
724 1483 797 1540 et
828 1467 1205 1539 familiares
1228 1491 1539 1557 eramuS,
1591 1466 2057 1539 formidantes
2087 1465 2185 1539 ob
2219 1468 2463 1563 jugem

352 1584 709 1657 debilitati
734 1582 1063 1681 corporis
1103 1581 1507 1655 molestiam
1534 1582 1688 1679 ejus
1719 1582 2042 1654 subitum
2067 1582 2456 1675 defectum,

346 1698 839 1773 consuluimus
874 1698 939 1769 ei
970 1698 1305 1794 quatinus
1353 1696 1587 1768 filium
1619 1696 2093 1789 Ludovicum,
2123 1695 2460 1795 pulcher-

345 1816 617 1887 rimum
675 1838 1005 1913 puerum,
1069 1814 1263 1909 regio
1314 1812 1721 1885 diademate
1779 1828 2232 1903 coronatum,
2277 1812 2462 1885 sacri

350 1931 647 2029 liquoris
672 1931 1009 2002 unctione
1047 1952 1287 2025 regem
1325 1954 1569 2001 secum
1611 1928 1707 2000 ad
1743 1929 2218 2002 refellendum
2236 1954 2457 2000 aemu-

344 2048 589 2120 lorum
634 2046 1025 2119 tumultum
1078 2046 1567 2118 constitueret.
1634 2046 1782 2133 Qui
1835 2044 2147 2117 consiliis
2193 2044 2460 2117 nostris

350 2161 838 2258 adquiescenS,
882 2162 1120 2233 Remis
1152 2185 1322 2232 cum
1352 2160 1654 2257 conjuge
1678 2176 1752 2232 et
1777 2158 1929 2232 filio
1956 2175 2032 2232 et
2063 2161 2262 2255 regni
2290 2184 2464 2259 pro-

350 2276 632 2349 ceribus
674 2275 988 2369 devenit,
1042 2274 1197 2367 ubi,
1250 2276 1326 2345 in
1376 2275 1593 2373 pleno
1638 2289 1713 2345 et
1765 2273 2236 2347 celeberrimo
2265 2272 2465 2371 quod

346 2394 683 2466 dominus
744 2417 929 2491 papa
1000 2391 1461 2463 Innocentius
1518 2405 2042 2463 convocaverat
2119 2390 2455 2483 conciliO,

349 2512 527 2581 sacri
581 2508 721 2581 olei
772 2507 1112 2577 unctione
1153 2520 1226 2577 et
1286 2530 1571 2577 coronae
1610 2506 1810 2599 regni
1859 2504 2360 2603 deportatione
2392 2507 2468 2579 in

344 2648 589 2719 regem
635 2618 1125 2711 sublimatum,
1177 2619 1459 2719 felicem
1505 2619 1823 2718 providit
1851 2645 2076 2715 regno
2103 2645 2464 2693 successo-

350 2762 531 2810 rem.
584 2734 792 2807 Unde
836 2733 1085 2806 multis
1122 2736 1324 2831 quasi
1352 2736 1668 2831 quodam
1713 2737 2056 2834 praesagio
2091 2735 2472 2808 videbatur

350 2851 505 2948 ejus
538 2848 803 2923 debere
828 2849 1243 2947 amplificari
1282 2854 1633 2949 potentia,
1686 2852 1811 2947 qui
1857 2866 1967 2923 tot
2001 2866 2071 2922 et
2107 2866 2470 2923 tantorum

350 2980 423 3038 et
469 2981 619 3036 tam
662 2964 1115 3037 diversorum
1159 2966 1892 3064 archiepiscoporum,
1929 2968 2460 3066 episcoporum,

348 3085 815 3171 Francorum,
837 3080 1469 3172 Theutonicorum,
1492 3082 2033 3178 Aquitanorum,
2048 3084 2468 3179 Anglorum,

356 3197 840 3295 Hispanorum
878 3198 1187 3295 suscepit
1230 3196 1811 3270 benedictionem
1837 3199 2224 3295 copiosam.
2259 3203 2474 3271 Cum-

360 3335 503 3410 que
555 3326 787 3411 pater,
840 3311 989 3385 vivi
1048 3312 1309 3407 gaudio
1351 3312 1668 3387 defuncti
1731 3313 2062 3387 dolorem
2098 3314 2466 3404 allevianS,

358 3428 710 3499 Parisium
734 3426 1029 3518 rediret,
1054 3427 1393 3500 dominus
1414 3453 1623 3527 papa,
1664 3430 1933 3505 soluto⁸
1958 3430 2264 3502 concilio
2283 3480 2302 3517 ,
2338 3430 2473 3499 Au-

359 3542 752 3615 tissiodoro
766 3542 973 3638 elegit
998 3542 1381 3615 demorari.
1407 3546 2038 3643 opportunitatem
2059 3566 2233 3613 vero
2262 3565 2470 3639 repa-

357 3658 626 3731 triandi
658 3659 1076 3729 nanciscens
1102 3658 1193 3729 de
1212 3658 1666 3757 imperatoris
1689 3657 2066 3730 Ludovici'·
2121 3655 2465 3728 comitatu

359 3770 562 3870 (quia
587 3773 841 3844 eumin
874 3797 1099 3845 manu
1120 3773 1286 3846 sorti
1308 3778 1612 3845 Romam
1645 3773 2040 3872 perducere
2078 3786 2150 3842 et
2179 3775 2470 3842 Petrum

357 3890 617 3960 Leonis
642 3887 1003 3987 deponere
1050 3888 1599 3988 spoponderat),
1629 3888 1800 3961 illuc
1816 3912 1985 3960 cum
2026 3911 2115 3959 eo
2147 3887 2459 3961 devenit.

436 4163 499 4221 1.
527 4166 731 4219 Intimi
752 4176 810 4219 et
833 4164 1155 4238 familiares
1179 4166 1359 4225 6265.
1390 4196 1469 4208 —
1492 4168 1698 4225 Intimi
1725 4165 2048 4240 familiares
2069 4165 2287 4225 ¹27¹0.

441 4256 501 4314 2.
532 4256 812 4331 Defuncti
831 4258 1079 4315 dolorem
1101 4260 1379 4314 allevians
1397 4258 1608 4316 desunt
1628 4256 1691 4316 in
1713 4256 1847 4317 cod.
1877 4258 2100 4317 12710.

441 4350 502 4407 3.
528 4351 722 4419 Solito,
747 4350 1081 4427 perperam,
1101 4347 1185 4407 id.
1207 4349 1341 4412 cod.
1387 4378 1471 4397 -—
1508 4350 1570 4414 4.
1596 4350 1861 4409 Letharit’
1884 4348 2213 4430 legendum.
