3275 5317
847 544 961 601 238
1278 543 1603 603 (numus
1648 528 2072 603 comenia-ns
2104 546 2206 602 DE
2249 544 2515 605 sucus.

942 673 1082 763 Qui
1122 698 1373 747 omnes
1410 689 1560 749 tam
1612 674 1883 766 festive,
1933 690 2081 747 tam
2141 672 2583 766 solemniter,
2649 688 2804 746 tam
2853 673 2953 744 di-

846 791 1050 880 versi,
1086 804 1233 861 tam
1279 788 1761 881 concorditer,
1798 805 1944 862 tam
1993 790 2408 890 propinqui,
2449 806 2599 863 tam
2639 788 2952 863 hilariter

848 903 1075 1003 ipsam
1099 906 1425 979 altarium
1458 907 1988 979 consecratione
2014 905 2391 979 missarum
2427 906 2830 979 solemnem
2853 929 2950 976 ce-

844 1018 1313 1094 lebrationem
1358 1023 1681 1122 superius
1729 1022 2168 1121 inferiusque
2223 1022 2684 1122 peragebant,
2743 1036 2826 1091 ut
2875 1044 2950 1091 ex

842 1134 992 1233 ipsa
1050 1140 1157 1209 sui
1220 1139 1685 1211 consonantia
1741 1153 1814 1210 et
1859 1138 2262 1211 cohaerente
2330 1138 2728 1210 harmoniae
2772 1152 2948 1232 grata

841 1250 1153 1323 melodia
1207 1254 1445 1351 potius
1506 1252 1862 1351 angelicus
1897 1278 2118 1350 quam
2165 1252 2525 1325 humanus
2570 1267 2950 1325 concentus

838 1366 1331 1461 aestimaretur,
1384 1383 1455 1441 et
1485 1368 1579 1439 ab
1616 1368 1958 1442 omnibus
1989 1368 2209 1442 corde
2254 1386 2329 1443 et
2363 1394 2490 1442 ore
2537 1368 2950 1442 acclamare·

840 1496 1004 1555 tur:
1046 1514 1081 1549 α
1120 1483 1502 1557 Benedicta
1539 1484 1756 1581 gloria
1789 1484 2084 1557 Domini
2110 1485 2202 1558 de
2234 1484 2397 1557 loco
2423 1510 2592 1578 suo;
2627 1481 2947 1556 henedic-

846 1628 879 1664 α
937 1612 1092 1669 tum
1144 1614 1218 1672 et
1242 1598 1599 1672 laudabile
1636 1615 1710 1672 et
1757 1600 2354 1699 superexaltatum
2404 1625 2674 1672 nomen
2722 1613 2942 1687 tuum,

846 1739 885 1775 κ
936 1715 1245 1787 Domine
1292 1719 1453 1786 Jesu
1496 1716 1801 1808 Christe,
1852 1740 2072 1813 quem
2103 1740 2472 1789 summum
2529 1714 2942 1787 Pontificem

844 1859 881 1897 α
936 1830 1140 1902 unxit
1158 1834 1351 1903 Deus
1381 1834 1584 1902 Pater
1604 1832 1772 1903 oleo
1799 1832 2286 1905 exsultationis
2315 1856 2462 1931 prae
2485 1829 2941 1929 participibus

847 1974 880 2009 α
938 1947 1097 2016 tuis.
1135 1948 1309 2033 Quae
1350 1946 1842 2019 sacramentali
1875 1948 2295 2019 sanctissimi
2325 1946 2744 2020 chrismatis
2773 1944 2946 2019 deli-

844 2086 880 2127 «
932 2058 1320 2134 bationeet
1352 2062 1803 2135 sanctissimae
1827 2062 2282 2137 Eucharistiae
2319 2064 2770 2161 susceptione
2803 2087 2938 2135 ma·

838 2204 873 2241 α
931 2175 1199 2249 terialia
1260 2175 1850 2259 immaterialibus
1873 2231 1895 2271 ,
1959 2178 2353 2277 corporalia
2411 2175 2897 2277 spiritualibus
2916 2232 2934 2269 ‚

832 2320 877 2377 ιι(
919 2289 1235 2363 humana
1280 2291 1539 2364 divinis
1568 2292 2024 2366 uniformiter
2059 2292 2517 2391 concopula8‚
2555 2317 2940 2365 sacramen·

842 2435 875 2471 «
933 2405 1164 2479 taliter
1201 2407 1547 2480 reformas
1586 2408 1682 2480 ad
1713 2432 1926 2481 suum
1966 2410 2288 2508 puriores
2322 2410 2808 2510 principium;
2843 2409 2938 2479 his

841 2546 875 2583 α
932 2532 1004 2589 et
1031 2516 1447 2616 hujusmodi
1476 2517 2106 2593 benedictionibus
2135 2517 2531 2592 visibilibus
2577 2516 2936 2591 invisibili-

840 2663 876 2701 «
927 2648 1039 2705 ter
1092 2650 1467 2727 restauraS,
1504 2636 1718 2707 etiam
1768 2650 2188 2735 praesentem
2231 2635 2306 2707 in
2345 2659 2649 2731 regnum
2669 2633 2936 2707 coeleste

838 2779 875 2815 «
926 2734 1866 2841 mirabiliter-transformas,
1915 2767 1998 2823 ut
2027 2775 2196 2823 cum
2231 2749 2611 2824 tradideris
2645 2774 2934 2845 regnum

835 2893 870 2930 α
926 2866 1079 2936 Deo
1112 2880 1184 2937 et
1222 2868 1436 2957 Patri,
1486 2892 1621 2939 nos
1655 2883 1730 2940 et
1776 2866 2165 2963 angelicam
2224 2882 2649 2957 creaturam,
2687 2866 2934 2938 coelum

836 3008 874 3046 α
929 2995 1000 3052 et
1034 2994 1323 3075 terram,
1379 3007 1598 3055 unam
1634 2981 2158 3081 rempublicam
2189 2996 2519 3081 potenter
2565 2998 2642 3053 et
2691 2982 2936 3053 miseri-

840 3124 877 3164 «
928 3095 1237 3168 corditer
1264 3096 1558 3186 dficias3
1591 3098 1720 3195 qui
1746 3098 1924 3169 vivis
1958 3112 2033 3169 et
2063 3121 2312 3194 regnas
2337 3102 2527 3169 Deus
2551 3121 2686 3197 per
2711 3094 2928 3169 omnia

839 3238 875 3280 α
926 3211 1176 3283 saecula
1213 3212 1660 3286 saeculorum.
1705 3216 1949 3286 Amen.
1983 3242 2020 3280 n
