3275 5317
842 595 957 651 102
1293 594 1621 651 OEUvaEs
1664 576 2094 651 commus
2135 594 2236 651 DE
2277 593 2550 653 susan.

842 730 1083 799 Monte
1114 729 1160 815 ¹,
1216 724 1323 795 vir
1378 738 1708 797 strenuus
1752 738 1825 796 et
1869 724 2210 797 cordatus
2233 779 2251 815 ,
2289 725 2633 798 audacter
2665 726 2958 798 militari

847 866 1062 913 manu
1094 837 1578 937 progredienS,
1599 838 1967 911 castellum
1983 838 2101 911 cui
2132 864 2400 912 nomen
2437 838 2958 931 Andeliacum¹,

845 955 1327 1057 quorumdam
1404 954 1712 1027 factione
1778 956 1962 1027 clam
2031 957 2328 1029 munitis
2378 958 2955 1054 propugnaculiS,

843 1089 1131 1146 strenue
1165 1070 1566 1169 occupavit,
1618 1071 1983 1167 fretusque
2033 1071 2217 1166 regis
2255 1072 2614 1170 praesidiO,
2663 1096 2964 1171 occupa-

845 1206 1000 1261 tum
1047 1187 1512 1259 audacissime
1554 1183 1894 1274 munivit,
1947 1212 2093 1284 quo
2133 1202 2400 1259 terram
2420 1214 2672 1285 usque
2711 1188 2803 1260 ad
2837 1190 2962 1260 flu·

846 1306 1043 1377 vium
1074 1304 1199 1400 qui
1243 1302 1503 1374 dicitur
1554 1300 1900 1390 Andella⁸‚
1929 1325 1972 1373 a
2012 1300 2234 1375 fluvio
2263 1307 2438 1374 Ettae
2486 1328 2712 1401 usque
2749 1305 2962 1376 etiam

846 1419 941 1491 ad
983 1418 1559 1490 Pontem-Sancti
1614 1418 1834 1489 Petri⁸
1875 1417 2173 1490 omnino
2223 1418 2590 1515 subjacere
2637 1410 2960 1513 cogebat.

846 1536 985 1623 Qui
1022 1534 1419 1606 multorum
1460 1558 1535 1603 se
1575 1533 1790 1605 etiam
1825 1533 2276 1631 superiorum
2319 1534 2548 1605 fretus
2591 1536 2958 1624 comitatu,

846 1650 980 1747 ipsi
1011 1650 1225 1719 etiam
1256 1649 1407 1743 regi
1433 1647 1505 1718 in
1540 1648 1796 1745 plano⁸
1823 1647 2268 1741 occurrebat,
2303 1650 2727 1721 redeuntem
2776 1650 2966 1722 inre-

849 1764 1211 1834 verenter·
1230 1761 1768 1859 insequebatur,
1802 1764 2095 1860 ejusque
2116 1779 2304 1836 terra
2322 1790 2364 1835 a
2385 1765 2696 1836 termino
2727 1790 2968 1863 supra-

850 1880 1045 1950 dicto
1060 1902 1193 1975 pro
1211 1902 1337 1948 sua
1358 1877 1740 1949 utebatur⁷.
1761 1883 1860 1949 Ex
1873 1895 2073 1977 parte
2089 1881 2304 1952 etiam
2323 1881 2959 1969 Cinomannorum,

854 2017 1021 2066 cum
1056 1992 1249 2063 idem
1276 2016 1401 2064 rex
1421 1992 1726 2065 obsessis
1757 1994 1832 2064 in
1866 2008 2063 2066 turre
2096 1995 2446 2067 Alenciaci
2477 1997 2690 2067 castri
2707 1999 2966 2095 'praesi-

852 2108 968 2180 dia
985 2107 1175 2180 ferre
1202 2132 1368 2179 cum
1394 2110 1657 2180 comite
1685 2108 2099 2181 Theobaldo
2126 2111 2352 2182 multa
2383 2136 2589 2183 mora
2627 2111 2968 2185 decrevis-

854 2239 985 2315 set,
1008 2249 1051 2295 a
1077 2224 1340 2296 comite
1367 2223 1670 2297 Fulcone
1696 2223 2058 2320 repulsam
2080 2224 2418 2319 referens,
2447 2242 2519 2298 et
2534 2226 2802 2299 multos
2813 2253 2968 2299 suo-

852 2367 1015 2414 rum
1046 2357 1119 2413 et
1139 2364 1309 2412 cum
1340 2338 1656 2430 caste110,
1686 2364 1773 2410 eo
1795 2339 2140 2433 inglorius
2177 2340 2390 2429 sacto,
2423 2344 2679 2415 turrim
2710 2344 2961 2416 amisit.

952 2460 1277 2553 Cumque
1344 2454 1457 2528 his
1524 2470 1595 2527 et
1656 2453 1916 2526 talibus
1979 2456 2209 2529 multo
2273 2472 2592 2557 tempore
2654 2460 2966 2531 anxiatus

854 2598 1036 2670 pene
1070 2573 1143 2643 in
1175 2574 1439 2643 imum⁹
1470 2570 1924 2661 declinasset,
1959 2596 2126 2642 cum
2153 2572 2304 2669 jam
2346 2573 2584 2646 divina
2614 2576 2966 2673 propitia-

857 2688 959 2759 tio
1015 2687 1194 2759 dure
1249 2685 1594 2781 flagellato
1673 2700 1743 2756 et
1805 2684 2314 2786 aliquantisper
2373 2690 2710 2785 castigato
2773 2692 2970 2785 (erat

858 2814 1051 2884 enim
1122 2810 1577 2884 ecclesiarum
1643 2809 1956 2881 liberalis
2021 2809 2286 2884 ditator
2346 2828 2417 2884 et
2478 2814 2968 2911 eleemosyna-

859 2950 1021 2997 rum
1080 2925 1365 3024 dapsilis
1415 2926 1856 3022 dispensator
1875 2980 1895 3012 ‚
1948 2925 2072 2997 sed
2106 2926 2448 3025 lascivus)
2491 2953 2784 3027 parcere
2821 2943 2892 3001 et
2933 2953 2970 2999 a

859 3050 1055 3111 tanta
1102 3065 1270 3111 eum
1319 3039 1774 3138 depressione
1819 3040 2372 3114 misericorditer
2431 3043 2802 3116 sublevare
2853 3043 2974 3115 de-

860 3156 1219 3245 crevisset,
1248 3180 1332 3227 ex
1362 3156 1719 3252 insperato
1763 3153 2242 3229 inferioritatis
2286 3159 2439 3255 ejus
2484 3160 2867 3231 adversitas
2904 3159 2972 3229 in

944 3365 972 3420 1
989 3403 1003 3417 .
1067 3358 1237 3416 Forte
1266 3356 1928 3418 Ckaumont-en-Vexin.

944 3454 1003 3510 2.
1038 3449 1227 3510 Hodie
1256 3457 1367 3511 Les
1389 3452 1662 3527 AndelyS.
1699 3482 1776 3495 -
1816 3455 1874 3508 3.
1907 3453 2133 3509 Andela
2157 3453 2335 3512 6265.

941 3547 999 3605 4.
1040 3548 1205 3603 Nunc
1227 3544 1404 3603 etiam
1430 3548 2008 3619 Pom-Saint-Pierre,
2032 3564 2219 3625 prope
2245 3545 2508 3605 eamdem
2538 3544 2766 3605 urbem.

950 3643 1012 3697 5.
1035 3644 1105 3696 In
1125 3643 1350 3714 palatio
1374 3642 1550 3698 6265.

948 3737 1003 3791 6.
1034 3739 1416 3792 Irreverenter
1444 3737 1586 3795 135.
1614 3768 1698 3782 —
1719 3742 2050 3795 Reverenter
2077 3733 2214 3793 edd.
2243 3735 2441 3794 Germ.
2474 3754 2542 3793 ac
2563 3733 2776 3797 Chesn.

948 3830 1007 3884 7.
1034 3823 1128 3884 Sic
1154 3830 1269 3886 135
1297 3839 1355 3886 et
1378 3827 1513 3887 edd.
1540 3860 1621 3875 —-
1649 3833 1877 3887 Terram
1906 3834 2139 3887 termino
2165 3831 2491 3905 supradIcto
2511 3848 2619 3905 pro
2643 3848 2750 3886 sua
2773 3827 2974 3887 uteba·

866 3934 962 3976 tur
982 3921 1121 3990 548,
1155 3922 1347 3979 12710
1378 3933 1435 3979 et
1479 3924 1660 3982 5925.
1695 3954 1774 3969 --
1802 3926 1975 3980 Terra
2003 3926 2062 3980 in
2085 3928 2320 3981 termino
2357 3926 2679 3999 supradicto
2701 3930 2852 3981 sicut
2873 3944 2973 3981 sua

871 4012 1132 4069 utebatur
1160 4016 1337 4072 6265.

952 4110 1009 4167 8.
1038 4110 1204 4163 Anno
1233 4108 1339 4165 111
1354 4111 1416 4171 8,
1434 4126 1633 4165 mense
1657 4106 1975 4180 decembri,
1992 4106 2287 4169 obsessum
2314 4119 2438 4167 erat
2459 4107 2856 4171 Alenciacum.
2886 4106 2968 4169 Cf.

870 4196 1129 4256 orderici
1156 4196 1359 4255 vitalis
1380 4196 1707 4269 historiam,
1734 4196 1839 4259 lib.
1867 4202 2009 4261 XII.

952 4296 1010 4349 9.
1042 4296 1112 4349 In
1140 4310 1309 4348 unum
1338 4290 1472 4354 edd.
1504 4293 1701 4350 Germ.
1736 4303 1795 4350 et
1815 4291 2022 4354 Chesn.
