3275 5317
1166 580 1518 643 CHARTES.
2275 588 2392 647 339

270 710 467 785 torio
525 709 865 801 habeant,
936 723 1011 782 et
1083 708 1222 782 hac
1282 711 1534 785 eadem
1599 736 1820 812 panes
1890 714 2101 787 unius
2159 717 2388 790 modii

272 830 637 924 frumfflti,
674 844 749 901 et
778 826 964 899 duos
988 827 1271 901 modios
1298 829 1470 920 vini,
1516 844 1664 901 tam
1703 855 1836 927 pro
1879 829 2202 903 remedio
2233 834 2389 904 ani-

274 969 413 1018 mae
460 969 634 1017 meae
677 966 897 1041 quam
939 967 1077 1041 pro
1130 944 1355 1016 salute
1408 944 1708 1016 fratrum
1746 960 2185 1040 nostrorum,
2241 962 2390 1019 tam

273 1060 605 1133 vivorum
635 1082 858 1159 quam
880 1056 1414 1151 defunctorum,
1442 1058 1877 1159 pauperibus
1899 1084 2192 1157 erogare
2220 1062 2392 1134 irre-

276 1175 709 1271 fragabiliter
768 1176 971 1247 omni
1034 1198 1227 1247 anno
1296 1199 1446 1246 non
1506 1174 1868 1248 desistant.
1940 1178 2159 1249 Omni
2213 1200 2393 1250 vero

276 1291 589 1365 secunda
618 1292 792 1363 feria
814 1306 888 1365 et
918 1292 1127 1363 tertia
1155 1292 1444 1363 missam
1473 1315 1607 1389 pro
1646 1317 1761 1365 me
1806 1306 1878 1364 et
1916 1318 2050 1391 pro
2081 1292 2236 1365 aliis
2265 1290 2392 1365 de-

276 1406 543 1481 functis
590 1404 1082 1480 celebrabunt.
1129 1411 1213 1478 In
1245 1410 1475 1479 Strata
1505 1431 1680 1479 vero
1712 1406 1839 1480 ubi
1871 1408 2206 1481 dominus
2237 1433 2400 1482 nos·

280 1536 391 1595 ter
412 1536 577 1621 post
596 1522 997 1593 Dominum
1022 1535 1131 1593 ter
1150 1519 1401 1593 beatus
1428 1521 1813 1617 Dionysius
1845 1536 2043 1595 tanto
2061 1528 2078 1561 ¹
2128 1538 2397 1596 trecen-

278 1650 521 1711 torum
588 1662 939 1710 annorum
1002 1652 1327 1736 tempore
1396 1636 1689 1733 quievit,
1749 1636 1879 1709 ubi
1940 1638 2190 1731 etiam,
2247 1653 2393 1711 tam

278 1772 415 1847 pro
455 1747 859 1821 extollenda
888 1764 1303 1821 sanctorum
1336 1748 1466 1819 Dei
1487 1748 1701 1821 laude
1731 1772 1944 1845 quam
1969 1773 2105 1847 pro
2120 1749 2392 1841 multis,

277 1888 458 1962 quas
482 1863 753 1937 ibidem
776 1889 909 1963 per
926 1863 1355 1937 decennium
1384 1879 1866 1937 commoratus
1885 1863 2168 1962 juvenis
2193 1880 2398 1937 aetate

278 1994 353 2051 et
408 1977 733 2051 moribus
787 1980 1141 2073 commisi,
1192 1978 1539 2077 offensiS„
1571 1979 1960 2052 duodecim
2007 1981 2398 2053 monachos

276 2118 461 2166 cum·
485 2093 873 2167 tredecimo
918 2094 1189 2192 priore,
1230 2094 1325 2166 ad
1358 2093 1810 2167 serviendum
1846 2098 2004 2167 Deo
2035 2110 2106 2166 et
2140 2086 2401 2167 sanctis

279 2208 738 2307 Martyribus,
788 2209 1205 2305 regulariter
1238 2208 1637 2282 inhabitare
1680 2208 2152 2281 decrevimus,
2199 2212 2400 2297 Quo-

278 2350 447 2397 rum
502 2326 715 2398 etiam
764 2325 1146 2399 refectorio
1193 2324 1659 2424 apposuimus
1693 2322 1937 2395 villam
1976 2323 2394 2418 Molignum‚

279 2464 497 2538 quam
548 2438 641 2512 de
684 2465 900 2513 manu
950 2440 1199 2514 Urselli
1246 2442 1497 2530 Judaei,
1538 2455 1617 2512 ut
1653 2464 1864 2537 supra
1905 2438 2241 2529 diximus,
2287 2464 2398 2511 re-

279 2569 717 2627 traxeramus
744 2582 766 2648 3
800 2571 873 2628 et
892 2555 1135 2654 jugem
1162 2556 1358 2655 apud
1386 2559 1617 2627 Deum
1651 2557 2078 2635 orationem,
2111 2569 2183 2626 et
2207 2556 2404 2627 anni-

278 2670 673 2742 versarium
712 2684 1045 2743 nostrum
1072 2674 1118 2762 ⁸,
1169 2687 1241 2744 et
1287 2672 1571 2742 missam
1612 2695 1750 2768 pro
1803 2669 2158 2742 defunctis
2201 2670 2400 2741 omni

281 2784 688 2858 ebdomada
731 2785 907 2858 feria
949 2802 1199 2884 quarta
1233 2785 1493 2859 devote
1519 2784 1952 2883 postulando
1986 2785 2400 2882 impetravi-

280 2925 467 2977 muS.
522 2892 862 2975 Curboilo
884 2904 907 2941 ⁸
943 2926 1146 2994 vern,
1186 2900 1379 3000 apud
1430 2916 1750 2972 sanctam
1791 2899 1927 2972 Dei
1967 2900 2404 2971 Genitricem

279 3018 608 3107 Mariam,
659 3042 877 3115 quem
931 3015 1176 3089 locum
1228 3017 1784 3088 sacratissimum
1827 3030 1900 3087 et
1947 3014 2293 3087 aedificare
2333 3034 2407 3090 et

278 3131 717 3231 amplificare
738 3134 1179 3233 incipienteS‚
1202 3133 1261 3203 si
1276 3135 1470 3203 Deus
1490 3133 1702 3204 nobis
1723 3133 1938 3205 vitam
1960 3133 2401 3223 servaverit⁸,

280 3230 631 3346 perficere
683 3246 1080 3320 firmissime
1128 3247 1664 3347 proposuimus,
1721 3248 2050 3320 similiter
2080 3260 2154 3319 et
2199 3248 2404 3320 anni-

279 3362 674 3435 versarium
711 3378 1041 3435 nostrum
1072 3377 1144 3434 ct
1194 3362 1482 3434 missam
1510 3387 1646 3461 pro
1683 3363 2036 3435 defunctis
2069 3361 2141 3432 in
2178 3360 2407 3434 ebdo-

279 3474 504 3549 mada
542 3477 715 3549 feria
746 3478 991 3574 quinta
1038 3476 1295 3548 devote
1334 3476 1954 3575 expostulavimus,
1994 3480 2092 3546 Ea
2135 3490 2402 3562 autem,

280 3615 507 3690 quam
536 3616 669 3664 nos
709 3592 782 3662 in
811 3591 1220 3690 episcopatu
1270 3592 1572 3663 Metensi
1620 3590 2146 3690 acquisivimus,
2180 3588 2402 3682 Cella,

282 3707 359 3778 in
400 3732 485 3779 ea
530 3732 689 3805 quae
725 3705 1076 3778 celebrata
1119 3721 1227 3778 est
1272 3706 1650 3802 Maguntiae
1693 3706 1916 3794 curia,
1969 3702 2294 3776 similiter
2334 3718 2408 3775 et

272 3824 525 3919 jugem
574 3816 975 3893 orationem
1022 3836 1093 3893 et
1145 3820 1703 3893 anniversarium
1746 3832 2077 3891 nostrum
2122 3833 2196 3897 et
2237 3817 2408 3891 mis-

284 3958 439 4007 sam
517 3958 654 4033 pro
711 3932 1068 4007 defunctis
1119 3931 1296 4005 feria
1352 3945 1547 4005 sexta
1589 3929 1847 4002 devote
1902 3928 2394 4027 expetivimus,

368 4128 431 4184 1.
468 4128 600 4184 To'to
624 4124 759 4184 edd.
794 4124 1006 4188 Chesn.
1032 4135 1091 4183 et
1112 4120 1295 4184 Felib.

367 4221 428 4277 2.
463 4221 731 4279 Nostrum
757 4216 1027 4278 omittunt
1046 4216 1264 4277 eaedem
1286 4215 1424 4275 edd.
1475 4247 1556 4262 —
1595 4220 1655 4277 3.
1687 4213 1938 4277 Corboic'o
1965 4214 2178 4276 eaedcm
2205 4214 2340 4276 edd.

372 4315 434 4371 4.
475 4311 657 4373 Nobis
681 4313 911 4370 dederit
937 4316 1113 4371 vitam
1146 4309 1363 4371 eaedem
1390 4308 1526 4369 edd.
