3275 5317
885 594 961 651 86
1322 585 1648 645 OEnvass
1691 568 2118 643 comrmms
2161 582 2258 640 nr.
2303 582 2571 641 svesa.

882 722 1305 809 sormidam,
1341 718 1730 791 exercitum
1761 716 2115 788 celaverat
2149 715 2225 786 in
2260 730 2457 814 parte
2483 716 2724 807 castri,
2767 714 2989 788 altitu-

880 840 1049 913 dine
1084 835 1453 933 cujusdam
1484 834 1792 906 ecclesiae
1823 848 1896 905 et
1927 832 2280 931 opacitate
2315 832 2714 904 vicinarum
2743 830 2984 903 domo—

878 979 1046 1026 rum
1077 951 1517 1046 incognitum
1549 977 1564 1020 ε
1604 950 1732 1047 qui
1761 972 1930 1021 cum
1958 947 2290 1042 fugitivos
2314 972 2479 1019 suos
2505 948 2652 1044 jam
2680 972 2814 1046 per
2841 970 2992 1045 por·

880 1086 1030 1141 tam
1062 1068 1251 1140 exire
1296 1065 1595 1155 videret,
1640 1080 2017 1164 pausatum
2069 1064 2460 1135 exercitum
2491 1062 2762 1134 lassatis
2792 1062 2990 1158 regiis

878 1183 1227 1258 militibus
1286 1182 1584 1280 apponit
1611 1184 1629 1219 ¹
1645 1235 1664 1271 ‚
1727 1179 2139 1278 gravissime
2190 1178 2495 1277 impetit.
2553 1178 2696 1266 Qui
2763 1193 2990 1250 autem

882 1300 1220 1399 gregatim
1269 1294 1637 1393 fugabant,
1695 1294 2081 1367 loricarum
2129 1309 2203 1366 et
2245 1318 2616 1366 armorum
2661 1295 2992 1390 gravitate

880 1416 1099 1515 pedes
1141 1413 1432 1510 gravati,
1492 1411 1893 1483 ordinatam
1942 1411 2269 1508 equitum
2292 1412 2315 1447 ³
2360 1411 2589 1481 aciem
2643 1410 2762 1483 vix
2795 1410 2992 1482 susti-

878 1557 1052 1603 nere
1104 1530 1446 1620 valentes,
1495 1551 1625 1627 per
1664 1542 2097 1625 occupatum
2139 1526 2486 1598 fossatum
2537 1550 2700 1597 cum
2763 1526 2995 1624 pedite

883 1667 1072 1738 rege,
1125 1658 1289 1741 post
1340 1642 1761 1712 innumeros
1804 1638 2010 1731 ictu5‚
2060 1654 2225 1737 post
2275 1638 2560 1733 longam
2599 1636 2995 1708 alternatim

882 1758 1452 1846 dimicationem,
1541 1769 2104 1826 retrocesserunt
2153 1780 2170 1823 t
2249 1768 2600 1850 quantum
2663 1754 2996 1851 sapientia

878 1886 1168 1971 praestet
1216 1870 1553 1961 audaciae,
1598 1870 1770 1942 licet
1801 1894 1988 1961 ser0,
2028 1867 2702 1959 animadvertenteS,
2739 1893 2908 1939 cum
2943 1868 2994 1939 si

880 2013 1004 2060 eos
1036 1984 1347 2058 ordinati
1377 1987 1452 2056 in
1493 2010 1752 2085 campo
1791 1999 2269 2085 expectarent,
2321 1983 2679 2056 voluntati
2707 2008 2848 2055 suae
2882 2007 2994 2055 eos

880 2103 1181 2175 omnino
1213 2101 1694 2199 subjugarent.
1728 2106 1996 2173 Verum
2036 2126 2204 2172 cum
2236 2099 2558 2171 acierum
2581 2098 2995 2171 confusione

882 2219 1097 2290 soluti
1140 2243 1273 2290 nec
1312 2242 1537 2315 equos
1583 2241 1752 2288 suos
1792 2216 2190 2314 reperirent
2209 2219 2264 2308 ⁸,
2304 2240 2438 2288 nec
2480 2212 2656 2311 quid
2700 2212 2998 2286 facerent

885 2332 1389 2423 deliberarent,
1436 2356 1557 2402 rex
1600 2356 1746 2403 non
1797 2356 1955 2424 suo,
1993 2330 2120 2403 sed
2151 2331 2388 2402 alieno
2435 2328 2746 2401 insidens
2787 2354 2991 2427 equo,

885 2452 1245 2522 animosus
1287 2447 1682 2537 resistebat,
1735 2446 2088 2520 clamosus
2134 2445 2540 2536 revocabat,
2578 2446 3000 2517 nominatim

886 2565 1297 2649 audaciores
1346 2589 1438 2636 ne
1482 2564 1520 2635 f
1517 2579 1809 2659 ugerent
1845 2563 2296 2636 sollicitabat.
2357 2568 2514 2662 Ipse
2547 2578 2793 2635 autem
2823 2565 3001 2635 inter

892 2681 1176 2753 hostiles
1204 2705 1498 2771 cuneOS,
1532 2697 1774 2751 exerto
1799 2678 2060 2775 gladio,
2088 2680 2350 2778 quibus
2374 2694 2657 2778 poterat
2681 2678 2999 2777 praesidio

888 2809 1065 2883 erat,
1105 2795 1386 2893 fugaces
1421 2794 1818 2891 refugabat,
1863 2810 1933 2867 et
1969 2794 2155 2867 ultra
2187 2820 2407 2893 quam
2440 2795 2712 2889 regiam
2739 2797 2764 2833 ⁴
2795 2794 2997 2869 dece-

888 2925 1001 2981 ret
1048 2911 1514 3007 majestatem‚
1563 2910 1768 2983 miles
1826 2911 2187 3002 emerituS,
2248 2911 2491 2982 militis
2540 2910 2810 3003 officio,
2857 2934 3001 2981 non

892 3023 1100 3119 regiS,
1154 3025 1601 3119 singulariter
1656 3025 2092 3101 decertabat.
2155 3030 2338 3100 Cum
2389 3042 2628 3098 autem
2675 3050 3005 3099 corruere

894 3139 1307 3230 exercitum,
1336 3164 1522 3238 equo
1554 3142 1838 3233 lassam,
1873 3142 2064 3215 solus
2113 3142 2500 3241 prohibere
2532 3168 2680 3214 non
2714 3142 3002 3233 valeret,

892 3252 1094 3325 adest
1130 3255 1436 3350 armiger
1489 3259 1615 3354 qui
1662 3258 2041 3356 proprium
2068 3259 2088 3296 ⁸
2135 3258 2418 3330 reducit
2439 3260 2462 3295 ⁶
2511 3258 2951 3331 dextrarium
2983 3285 3002 3347 3

974 3538 1033 3607 1.
1073 3538 1321 3611 opponit
1337 3534 1796 3595 substituendum
1817 3556 1950 3595 cum
1973 3536 2359 3597 Benedictinis
2384 3556 2712 3598 censemus·

966 3630 1037 3777 ἓ.
1084 3628 1177 3686 Sic
1217 3640 1377 3705 quat.
1414 3627 1589 3691 codd.
1632 3640 1808 3708 atque
1854 3628 1998 3692 edit.
2045 3630 2339 3691 Benedict.
2369 3663 2449 3677 —
2475 3634 2741 3692 Peditum
2799 3634 2913 3691 135
2955 3642 3009 3689 et

897 3737 965 3779 re
987 3739 1007 3777 ι
1056 3766 1070 3782 .
1219 3767 1235 3783 .

978 3739 1048 3873 3ί.Ι
1069 3723 1456 3875 Ῑὲἰὲᾱίτίοιιεε
1482 3815 1715 3875 Chesnii
1739 3834 1806 3875 ac
1832 3816 2126 3879 Benedict.
2165 3848 2244 3863 —
2269 3818 2542 3895 Reperire
2568 3836 2770 3877 omnes
2805 3816 3005 3892 codd„

898 3905 1149 3986 itemque
1174 3910 1310 3969 edit.
1349 3912 1548 3972 Germ.

979 4004 1039 4061 ln.
1068 4004 1305 4080 Regiam
1328 4004 1487 4063 deest
1513 4004 1575 4062 in
1602 4004 1736 4065 cod.
1769 4009 1907 4077 135,
1933 4018 2106 4083 atque
2127 4005 2191 4065 in
2217 4004 2351 4065 edd.
2379 4008 2579 4066 Germ.
2610 4018 2670 4065 et
2693 4006 2914 4069 Chesn.

976 4098 1034 4153 5.
1071 4093 1165 4153 sic
1197 4096 1421 4155 codices
1456 4116 1655 4155 omnes
1695 4118 1763 4155 ac
1804 4096 1946 4159 edit.
1994 4096 2296 4158 Benedict.
2341 4130 2422 4143 -
2471 4102 2727 4157 Primum
2763 4100 2824 4159 in
2869 4098 3008 4159 reli-

900 4192 1028 4268 quis
1051 4193 1186 4251 edd.

982 4290 1041 4346 6.
1072 4286 1307 4345 Reducit
1334 4292 1449 4347 155
1472 4300 1646 4368 atque
1667 4290 1801 4349 edd.
1831 4322 1913 4367 -‚—
1934 4294 2188 4351 Reduc-at
2209 4302 2368 4370 quat.
2395 4290 2604 4370 reliqui
2627 4294 2798 4353 codd.
