<?xml version="1.0" encoding="UTF-8"?>
<!DOCTYPE html PUBLIC "-//W3C//DTD XHTML 1.0 Transitional//EN"
    "http://www.w3.org/TR/xhtml1/DTD/xhtml1-transitional.dtd">
<html xmlns="http://www.w3.org/1999/xhtml" xml:lang="en" lang="en">
 <head>
  <title>
</title>
<meta http-equiv="Content-Type" content="text/html;charset=utf-8" />
  <meta name='ocr-system' content='tesseract 3.04.00' />
  <meta name='ocr-capabilities' content='ocr_page ocr_carea ocr_par ocr_line ocrx_word'/>
</head>
<body>
  <div class='ocr_page' id='page_1' title='image "./oeuvrescompltes00marcgoog_0418.png"; bbox 0 0 3275 5317; ppageno 0'>
   <div class='ocr_carea' id='block_1_1' title="bbox 1120 520 2450 583">
    <p class='ocr_par' dir='ltr' id='par_1_1' title="bbox 1120 520 2450 583">
     <span class='ocr_line' id='line_1_1' title="bbox 1120 520 2450 583; baseline 0.005 -6"><span class='ocrx_word' id='word_1_1' title='bbox 1120 520 1246 577; x_wconf 76' lang='lat' dir='ltr'>vm</span> <span class='ocrx_word' id='word_1_2' title='bbox 1278 520 1376 576; x_wconf 84' lang='lat' dir='ltr'>DE</span> <span class='ocrx_word' id='word_1_3' title='bbox 1416 521 1688 579; x_wconf 80' lang='lat' dir='ltr'><strong>SUGER·</strong></span> <span class='ocrx_word' id='word_1_4' title='bbox 2333 528 2450 583; x_wconf 64' lang='lat'>3225</span> 
     </span>
    </p>
   </div>
   <div class='ocr_carea' id='block_1_2' title="bbox 290 648 2502 2831">
    <p class='ocr_par' dir='ltr' id='par_1_2' title="bbox 292 648 2502 1185">
     <span class='ocr_line' id='line_1_2' title="bbox 301 648 2449 748; baseline 0.005 -29"><span class='ocrx_word' id='word_1_5' title='bbox 301 648 543 721; x_wconf 85' lang='lat' dir='ltr'>finito</span> <span class='ocrx_word' id='word_1_6' title='bbox 574 650 965 748; x_wconf 90' lang='lat' dir='ltr'>colloquio,</span> <span class='ocrx_word' id='word_1_7' title='bbox 994 649 1353 722; x_wconf 80' lang='lat' dir='ltr'>volentem</span> <span class='ocrx_word' id='word_1_8' title='bbox 1381 650 1587 723; x_wconf 90' lang='lat' dir='ltr'>illum</span> <span class='ocrx_word' id='word_1_9' title='bbox 1618 675 1859 747; x_wconf 88' lang='lat' dir='ltr'>regem</span> <span class='ocrx_word' id='word_1_10' title='bbox 1885 650 2270 746; x_wconf 84' lang='lat' dir='ltr'>deducere,</span> <span class='ocrx_word' id='word_1_11' title='bbox 2301 682 2449 729; x_wconf 89' lang='lat' dir='ltr'>non</span> 
     </span>
     <span class='ocr_line' id='line_1_3' title="bbox 298 765 2450 863; baseline 0.005 -29"><span class='ocrx_word' id='word_1_12' title='bbox 298 778 427 835; x_wconf 85' lang='lat' dir='ltr'>est</span> <span class='ocrx_word' id='word_1_13' title='bbox 465 790 719 863; x_wconf 87' lang='lat' dir='ltr'>passus</span> <span class='ocrx_word' id='word_1_14' title='bbox 743 765 907 839; x_wconf 92' lang='lat' dir='ltr'>loco</span> <span class='ocrx_word' id='word_1_15' title='bbox 933 765 1237 855; x_wconf 88' lang='lat' dir='ltr'>moveri,</span> <span class='ocrx_word' id='word_1_16' title='bbox 1268 765 1381 837; x_wconf 84' lang='lat' dir='ltr'>vel</span> <span class='ocrx_word' id='word_1_17' title='bbox 1410 766 1579 837; x_wconf 88' lang='lat' dir='ltr'>sella</span> <span class='ocrx_word' id='word_1_18' title='bbox 1607 792 2061 863; x_wconf 85' lang='lat' dir='ltr'>consurgere.</span> <span class='ocrx_word' id='word_1_19' title='bbox 2089 772 2254 841; x_wconf 89' lang='lat' dir='ltr'>Haec</span> <span class='ocrx_word' id='word_1_20' title='bbox 2283 770 2450 843; x_wconf 88' lang='lat' dir='ltr'>idco</span> 
     </span>
     <span class='ocr_line' id='line_1_4' title="bbox 302 879 2449 972; baseline 0.003 -23"><span class='ocrx_word' id='word_1_21' title='bbox 302 879 668 971; x_wconf 79' lang='lat' dir='ltr'>dixerim,</span> <span class='ocrx_word' id='word_1_22' title='bbox 706 896 785 953; x_wconf 90' lang='lat' dir='ltr'>ut</span> <span class='ocrx_word' id='word_1_23' title='bbox 833 882 1061 954; x_wconf 87' lang='lat' dir='ltr'>sciant</span> <span class='ocrx_word' id='word_1_24' title='bbox 1112 881 1379 972; x_wconf 83' lang='lat' dir='ltr'>aemuli,</span> <span class='ocrx_word' id='word_1_25' title='bbox 1423 881 1717 953; x_wconf 90' lang='lat' dir='ltr'>audiant</span> <span class='ocrx_word' id='word_1_26' title='bbox 1759 882 2277 956; x_wconf 81' lang='lat' dir='ltr'>obtrectatores</span> <span class='ocrx_word' id='word_1_27' title='bbox 2321 912 2449 957; x_wconf 89' lang='lat' dir='ltr'>cu-</span> 
     </span>
     <span class='ocr_line' id='line_1_5' title="bbox 292 984 2502 1096; baseline 0.003 -30"><span class='ocrx_word' id='word_1_28' title='bbox 292 996 433 1091; x_wconf 88' lang='lat' dir='ltr'>jus</span> <span class='ocrx_word' id='word_1_29' title='bbox 463 995 663 1094; x_wconf 88' lang='lat' dir='ltr'>apud</span> <span class='ocrx_word' id='word_1_30' title='bbox 694 1022 891 1093; x_wconf 87' lang='lat' dir='ltr'>reges</span> <span class='ocrx_word' id='word_1_31' title='bbox 918 996 1085 1087; x_wconf 89' lang='lat' dir='ltr'>loci,</span> <span class='ocrx_word' id='word_1_32' title='bbox 1110 1010 1390 1093; x_wconf 85' lang='lat' dir='ltr'>quantae</span> <span class='ocrx_word' id='word_1_33' title='bbox 1412 999 1828 1069; x_wconf 65' lang='lat' dir='ltr'>reverentiae</span> <span class='ocrx_word' id='word_1_34' title='bbox 1852 998 2046 1095; x_wconf 88' lang='lat' dir='ltr'>apud</span> <span class='ocrx_word' id='word_1_35' title='bbox 2073 999 2451 1096; x_wconf 79' lang='lat' dir='ltr'>optimates</span> <span class='ocrx_word' id='word_1_36' title='bbox 2497 984 2502 989; x_wconf 43' lang='grc'><strong>’</strong></span> 
     </span>
     <span class='ocr_line' id='line_1_6' title="bbox 297 1112 665 1185; baseline 0.005 -2"><span class='ocrx_word' id='word_1_37' title='bbox 297 1112 665 1185; x_wconf 82' lang='lat' dir='ltr'>extiterit.</span> 
     </span>
    </p>

    <p class='ocr_par' dir='ltr' id='par_1_3' title="bbox 290 1226 2450 2831">
     <span class='ocr_line' id='line_1_7' title="bbox 418 1226 2450 1323; baseline 0.004 -26"><span class='ocrx_word' id='word_1_38' title='bbox 418 1232 643 1300; x_wconf 87' lang='lat' dir='ltr'>Hunc</span> <span class='ocrx_word' id='word_1_39' title='bbox 656 1228 893 1301; x_wconf 89' lang='lat' dir='ltr'>cultor</span> <span class='ocrx_word' id='word_1_40' title='bbox 908 1226 1269 1323; x_wconf 84' lang='lat' dir='ltr'>religionis</span> <span class='ocrx_word' id='word_1_41' title='bbox 1292 1252 1533 1301; x_wconf 91' lang='lat' dir='ltr'>comes</span> <span class='ocrx_word' id='word_1_42' title='bbox 1556 1228 2450 1305; x_wconf 86' lang='lat' dir='ltr'>BlesensiumTheobaldus</span> 
     </span>
     <span class='ocr_line' id='line_1_8' title="bbox 306 1342 2450 1443; baseline 0.003 -28"><span class='ocrx_word' id='word_1_43' title='bbox 306 1342 567 1417; x_wconf 88' lang='lat' dir='ltr'>modis</span> <span class='ocrx_word' id='word_1_44' title='bbox 618 1343 955 1416; x_wconf 88' lang='lat' dir='ltr'>omnibus</span> <span class='ocrx_word' id='word_1_45' title='bbox 1006 1343 1445 1433; x_wconf 83' lang='lat' dir='ltr'>honorabat3</span> <span class='ocrx_word' id='word_1_46' title='bbox 1496 1344 1692 1417; x_wconf 89' lang='lat' dir='ltr'>hunc</span> <span class='ocrx_word' id='word_1_47' title='bbox 1739 1344 1931 1443; x_wconf 89' lang='lat' dir='ltr'>apud</span> <span class='ocrx_word' id='word_1_48' title='bbox 1983 1371 2182 1441; x_wconf 88' lang='lat' dir='ltr'>reges</span> <span class='ocrx_word' id='word_1_49' title='bbox 2223 1353 2450 1421; x_wconf 88' lang='lat' dir='ltr'>Fran-</span> 
     </span>
     <span class='ocr_line' id='line_1_9' title="bbox 300 1458 2448 1556; baseline 0.002 -25"><span class='ocrx_word' id='word_1_50' title='bbox 300 1484 583 1531; x_wconf 83' lang='lat' dir='ltr'>corum</span> <span class='ocrx_word' id='word_1_51' title='bbox 636 1459 1065 1530; x_wconf 86' lang='lat' dir='ltr'>advocatum</span> <span class='ocrx_word' id='word_1_52' title='bbox 1096 1458 1543 1556; x_wconf 83' lang='lat' dir='ltr'>producebat</span> <span class='ocrx_word' id='word_1_53' title='bbox 1594 1459 1913 1531; x_wconf 89' lang='lat' dir='ltr'>unicum.</span> <span class='ocrx_word' id='word_1_54' title='bbox 1955 1464 2298 1547; x_wconf 86' lang='lat' dir='ltr'>Quotiens</span> <span class='ocrx_word' id='word_1_55' title='bbox 2347 1463 2448 1536; x_wconf 88' lang='lat' dir='ltr'>illi</span> 
     </span>
     <span class='ocr_line' id='line_1_10' title="bbox 308 1574 2444 1668; baseline 0.003 -25"><span class='ocrx_word' id='word_1_56' title='bbox 308 1574 875 1668; x_wconf 82' lang='lat' dir='ltr'>Andegavorum</span> <span class='ocrx_word' id='word_1_57' title='bbox 911 1596 1153 1646; x_wconf 87' lang='lat' dir='ltr'>comes</span> <span class='ocrx_word' id='word_1_58' title='bbox 1199 1588 1271 1645; x_wconf 90' lang='lat' dir='ltr'>et</span> <span class='ocrx_word' id='word_1_59' title='bbox 1320 1578 1902 1647; x_wconf 89' lang='lat' dir='ltr'>Normannorum</span> <span class='ocrx_word' id='word_1_60' title='bbox 1949 1575 2098 1648; x_wconf 83' lang='lat' dir='ltr'>dux</span> <span class='ocrx_word' id='word_1_61' title='bbox 2142 1578 2444 1650; x_wconf 86' lang='lat' dir='ltr'>Gaufre-</span> 
     </span>
     <span class='ocr_line' id='line_1_11' title="bbox 300 1690 2444 1789; baseline 0.001 -27"><span class='ocrx_word' id='word_1_62' title='bbox 300 1690 481 1779; x_wconf 86' lang='lat' dir='ltr'>dus,</span> <span class='ocrx_word' id='word_1_63' title='bbox 522 1706 701 1763; x_wconf 77' lang='lat' dir='ltr'>voto</span> <span class='ocrx_word' id='word_1_64' title='bbox 730 1690 1161 1763; x_wconf 85' lang='lat' dir='ltr'>blandientis</span> <span class='ocrx_word' id='word_1_65' title='bbox 1182 1691 1449 1789; x_wconf 85' lang='lat' dir='ltr'>pariter</span> <span class='ocrx_word' id='word_1_66' title='bbox 1484 1706 1558 1763; x_wconf 90' lang='lat' dir='ltr'>et</span> <span class='ocrx_word' id='word_1_67' title='bbox 1587 1692 1926 1787; x_wconf 87' lang='lat' dir='ltr'>rogantis,</span> <span class='ocrx_word' id='word_1_68' title='bbox 1965 1692 2224 1766; x_wconf 87' lang='lat' dir='ltr'>direxit</span> <span class='ocrx_word' id='word_1_69' title='bbox 2254 1718 2444 1767; x_wconf 88' lang='lat' dir='ltr'>nun-</span> 
     </span>
     <span class='ocr_line' id='line_1_12' title="bbox 300 1806 2445 1909; baseline 0.002 -33"><span class='ocrx_word' id='word_1_70' title='bbox 300 1806 517 1877; x_wconf 79' lang='lat' dir='ltr'>cios?</span> <span class='ocrx_word' id='word_1_71' title='bbox 545 1809 893 1893; x_wconf 86' lang='lat' dir='ltr'>Quotiens</span> <span class='ocrx_word' id='word_1_72' title='bbox 922 1806 1026 1880; x_wconf 90' lang='lat' dir='ltr'>illi</span> <span class='ocrx_word' id='word_1_73' title='bbox 1060 1832 1274 1879; x_wconf 88' lang='lat' dir='ltr'>manu</span> <span class='ocrx_word' id='word_1_74' title='bbox 1303 1808 1595 1905; x_wconf 84' lang='lat' dir='ltr'>propria</span> <span class='ocrx_word' id='word_1_75' title='bbox 1616 1806 1928 1879; x_wconf 77' lang='lat' dir='ltr'>humiles</span> <span class='ocrx_word' id='word_1_76' title='bbox 1959 1809 2240 1909; x_wconf 87' lang='lat' dir='ltr'>scripsit</span> <span class='ocrx_word' id='word_1_77' title='bbox 2267 1809 2445 1883; x_wconf 85' lang='lat' dir='ltr'>litte-</span> 
     </span>
     <span class='ocr_line' id='line_1_13' title="bbox 298 1921 2444 2019; baseline 0.002 -27"><span class='ocrx_word' id='word_1_78' title='bbox 298 1946 455 2011; x_wconf 85' lang='lat' dir='ltr'>ras,</span> <span class='ocrx_word' id='word_1_79' title='bbox 493 1922 575 1993; x_wconf 88' lang='lat' dir='ltr'>in</span> <span class='ocrx_word' id='word_1_80' title='bbox 606 1921 893 2019; x_wconf 87' lang='lat' dir='ltr'>quibus,</span> <span class='ocrx_word' id='word_1_81' title='bbox 935 1946 1101 1995; x_wconf 90' lang='lat' dir='ltr'>cum</span> <span class='ocrx_word' id='word_1_82' title='bbox 1131 1936 1311 1994; x_wconf 87' lang='lat' dir='ltr'>esset</span> <span class='ocrx_word' id='word_1_83' title='bbox 1342 1945 1505 1994; x_wconf 89' lang='lat' dir='ltr'>acer</span> <span class='ocrx_word' id='word_1_84' title='bbox 1529 1922 1840 2018; x_wconf 79' lang='lat' dir='ltr'>ingenie,</span> <span class='ocrx_word' id='word_1_85' title='bbox 1871 1923 2113 1996; x_wconf 89' lang='lat' dir='ltr'>animo</span> <span class='ocrx_word' id='word_1_86' title='bbox 2141 1925 2334 1997; x_wconf 83' lang='lat' dir='ltr'>ferus</span> <span class='ocrx_word' id='word_1_87' title='bbox 2360 1950 2444 1998; x_wconf 89' lang='lat' dir='ltr'>ac</span> 
     </span>
     <span class='ocr_line' id='line_1_14' title="bbox 298 2028 2444 2138; baseline 0 -28"><span class='ocrx_word' id='word_1_88' title='bbox 298 2052 752 2137; x_wconf 83' lang='lat' dir='ltr'>praepotcns,</span> <span class='ocrx_word' id='word_1_89' title='bbox 793 2038 1043 2135; x_wconf 88' lang='lat' dir='ltr'>saepius</span> <span class='ocrx_word' id='word_1_90' title='bbox 1075 2028 1275 2109; x_wconf 78' lang='lat' dir='ltr'>illum&#39;</span> <span class='ocrx_word' id='word_1_91' title='bbox 1311 2063 1441 2109; x_wconf 91' lang='lat' dir='ltr'>suo</span> <span class='ocrx_word' id='word_1_92' title='bbox 1471 2037 1750 2110; x_wconf 90' lang='lat' dir='ltr'>nomini</span> <span class='ocrx_word' id='word_1_93' title='bbox 1777 2040 2162 2138; x_wconf 81' lang='lat' dir='ltr'>praeposuit</span> <span class='ocrx_word' id='word_1_94' title='bbox 2187 2039 2252 2109; x_wconf 80' lang='lat'>¹?</span> <span class='ocrx_word' id='word_1_95' title='bbox 2289 2046 2444 2111; x_wconf 82' lang='lat' dir='ltr'>Am-</span> 
     </span>
     <span class='ocr_line' id='line_1_15' title="bbox 296 2154 2442 2251; baseline -0.001 -24"><span class='ocrx_word' id='word_1_96' title='bbox 296 2154 407 2227; x_wconf 92' lang='lat' dir='ltr'>bo</span> <span class='ocrx_word' id='word_1_97' title='bbox 442 2156 696 2251; x_wconf 89' lang='lat' dir='ltr'>itaque</span> <span class='ocrx_word' id='word_1_98' title='bbox 742 2154 1097 2227; x_wconf 87' lang='lat' dir='ltr'>nominati</span> <span class='ocrx_word' id='word_1_99' title='bbox 1130 2154 1373 2245; x_wconf 79' lang='lat' dir='ltr'>duceS‚</span> <span class='ocrx_word' id='word_1_100' title='bbox 1432 2178 1596 2225; x_wconf 88' lang='lat' dir='ltr'>cum</span> <span class='ocrx_word' id='word_1_101' title='bbox 1652 2168 1882 2225; x_wconf 89' lang='lat' dir='ltr'>essent</span> <span class='ocrx_word' id='word_1_102' title='bbox 1931 2178 2061 2224; x_wconf 91' lang='lat' dir='ltr'>suo</span> <span class='ocrx_word' id='word_1_103' title='bbox 2114 2168 2442 2250; x_wconf 87' lang='lat' dir='ltr'>tempore</span> 
     </span>
     <span class='ocr_line' id='line_1_16' title="bbox 294 2254 2440 2367; baseline -0.001 -26"><span class='ocrx_word' id='word_1_104' title='bbox 294 2268 825 2366; x_wconf 83' lang='lat' dir='ltr'>potentissimi,</span> <span class='ocrx_word' id='word_1_105' title='bbox 870 2269 1043 2342; x_wconf 89' lang='lat' dir='ltr'>huic</span> <span class='ocrx_word' id='word_1_106' title='bbox 1092 2270 1251 2341; x_wconf 82' lang='lat' dir='ltr'>viro</span> <span class='ocrx_word' id='word_1_107' title='bbox 1292 2293 1428 2367; x_wconf 86' lang='lat' dir='ltr'>pro</span> <span class='ocrx_word' id='word_1_108' title='bbox 1451 2254 1635 2366; x_wconf 42' lang='lat' dir='ltr'>‘pace</span> <span class='ocrx_word' id='word_1_109' title='bbox 1668 2293 1794 2340; x_wconf 90' lang='lat' dir='ltr'>sua</span> <span class='ocrx_word' id='word_1_110' title='bbox 1827 2267 2234 2339; x_wconf 85' lang='lat' dir='ltr'>referebant</span> <span class='ocrx_word' id='word_1_111' title='bbox 2280 2292 2440 2362; x_wconf 87' lang='lat' dir='ltr'>gra-</span> 
     </span>
     <span class='ocr_line' id='line_1_17' title="bbox 296 2380 2431 2482; baseline -0.001 -27"><span class='ocrx_word' id='word_1_112' title='bbox 296 2388 465 2477; x_wconf 83' lang='lat' dir='ltr'>tias,</span> <span class='ocrx_word' id='word_1_113' title='bbox 508 2398 588 2456; x_wconf 88' lang='lat' dir='ltr'>et</span> <span class='ocrx_word' id='word_1_114' title='bbox 618 2409 1009 2481; x_wconf 86' lang='lat' dir='ltr'>regnorum</span> <span class='ocrx_word' id='word_1_115' title='bbox 1041 2384 1502 2458; x_wconf 83' lang='lat' dir='ltr'>concordiam</span> <span class='ocrx_word' id='word_1_116' title='bbox 1530 2381 1930 2482; x_wconf 86' lang='lat' dir='ltr'>specialiter</span> <span class='ocrx_word' id='word_1_117' title='bbox 1952 2380 2431 2453; x_wconf 86' lang='lat' dir='ltr'>ascribebant.</span> 
     </span>
     <span class='ocr_line' id='line_1_18' title="bbox 295 2493 2434 2597; baseline -0.002 -24"><span class='ocrx_word' id='word_1_118' title='bbox 295 2506 387 2572; x_wconf 90' lang='lat' dir='ltr'>Et</span> <span class='ocrx_word' id='word_1_119' title='bbox 440 2516 645 2573; x_wconf 88' lang='lat' dir='ltr'>certe</span> <span class='ocrx_word' id='word_1_120' title='bbox 690 2502 933 2573; x_wconf 90' lang='lat' dir='ltr'>nescio</span> <span class='ocrx_word' id='word_1_121' title='bbox 986 2516 1237 2573; x_wconf 90' lang='lat' dir='ltr'>utrum</span> <span class='ocrx_word' id='word_1_122' title='bbox 1284 2498 1493 2570; x_wconf 86' lang='lat' dir='ltr'>alicui</span> <span class='ocrx_word' id='word_1_123' title='bbox 1538 2514 1829 2597; x_wconf 89' lang='lat' dir='ltr'>patrum</span> <span class='ocrx_word' id='word_1_124' title='bbox 1880 2493 2434 2595; x_wconf 86' lang='lat' dir='ltr'>praecedentium</span> 
     </span>
     <span class='ocr_line' id='line_1_19' title="bbox 293 2610 2434 2714; baseline -0.002 -25"><span class='ocrx_word' id='word_1_125' title='bbox 293 2618 543 2714; x_wconf 89' lang='lat' dir='ltr'>magis</span> <span class='ocrx_word' id='word_1_126' title='bbox 577 2616 699 2687; x_wconf 90' lang='lat' dir='ltr'>illa</span> <span class='ocrx_word' id='word_1_127' title='bbox 731 2616 1110 2689; x_wconf 85' lang='lat' dir='ltr'>conveniat</span> <span class='ocrx_word' id='word_1_128' title='bbox 1138 2614 1351 2687; x_wconf 91' lang='lat' dir='ltr'>lectio</span> <span class='ocrx_word' id='word_1_129' title='bbox 1391 2641 1408 2685; x_wconf 75' lang='lat'>2</span> <span class='ocrx_word' id='word_1_130' title='bbox 1454 2618 1548 2685; x_wconf 81' lang='lat' dir='ltr'>Ec</span> <span class='ocrx_word' id='word_1_131' title='bbox 1576 2616 1656 2685; x_wconf 83' lang='lat' dir='ltr'>in</span> <span class='ocrx_word' id='word_1_132' title='bbox 1687 2628 1996 2709; x_wconf 82' lang='lat' dir='ltr'>tempore</span> <span class='ocrx_word' id='word_1_133' title='bbox 2045 2610 2434 2686; x_wconf 46' lang='lat' dir='ltr'>iracunde&amp;</span> 
     </span>
     <span class='ocr_line' id='line_1_20' title="bbox 290 2729 1647 2831; baseline -0.003 -26"><span class='ocrx_word' id='word_1_134' title='bbox 290 2735 552 2831; x_wconf 80' lang='lat' dir='ltr'>factus</span> <span class='ocrx_word' id='word_1_135' title='bbox 585 2748 693 2805; x_wconf 82' lang='lat' dir='ltr'>est</span> <span class='ocrx_word' id='word_1_136' title='bbox 713 2731 1307 2805; x_wconf 59' lang='lat' dir='ltr'>reconciliationis·</span> <span class='ocrx_word' id='word_1_137' title='bbox 1328 2745 1576 2801; x_wconf 81' lang='lat' dir='ltr'>auctor</span> <span class='ocrx_word' id='word_1_138' title='bbox 1600 2729 1647 2801; x_wconf 78' lang='lat'>⁸.</span> 
     </span>
    </p>
   </div>
   <div class='ocr_carea' id='block_1_3' title="bbox 1065 3110 1677 3165">
    <p class='ocr_par' dir='ltr' id='par_1_4' title="bbox 1065 3110 1677 3165">
     <span class='ocr_line' id='line_1_21' title="bbox 1065 3110 1677 3165; baseline -0.01 0"><span class='ocrx_word' id='word_1_139' title='bbox 1065 3116 1260 3165; x_wconf 71' lang='lat' dir='ltr'>Lim-:n</span> <span class='ocrx_word' id='word_1_140' title='bbox 1310 3110 1677 3163; x_wconf 64' lang='lat' dir='ltr'><strong>SECUNDUS.</strong></span> 
     </span>
    </p>
   </div>
   <div class='ocr_carea' id='block_1_4' title="bbox 299 3370 2426 3824">
    <p class='ocr_par' dir='ltr' id='par_1_5' title="bbox 299 3370 2426 3824">
     <span class='ocr_line' id='line_1_22' title="bbox 398 3370 2424 3474; baseline -0.004 -20"><span class='ocrx_word' id='word_1_141' title='bbox 398 3380 625 3454; x_wconf 86' lang='lat' dir='ltr'>Plura</span> <span class='ocrx_word' id='word_1_142' title='bbox 672 3378 966 3451; x_wconf 87' lang='lat' dir='ltr'>fortasse</span> <span class='ocrx_word' id='word_1_143' title='bbox 994 3400 1209 3473; x_wconf 88' lang='lat' dir='ltr'>quam</span> <span class='ocrx_word' id='word_1_144' title='bbox 1241 3374 1477 3447; x_wconf 85' lang='lat' dir='ltr'>aemuli</span> <span class='ocrx_word' id='word_1_145' title='bbox 1504 3388 1852 3474; x_wconf 90' lang='lat' dir='ltr'>cuperent</span> <span class='ocrx_word' id='word_1_146' title='bbox 1881 3370 1976 3445; x_wconf 92' lang='lat' dir='ltr'>de</span> <span class='ocrx_word' id='word_1_147' title='bbox 2017 3374 2175 3446; x_wconf 86' lang='lat' dir='ltr'>viro</span> <span class='ocrx_word' id='word_1_148' title='bbox 2213 3399 2424 3445; x_wconf 85' lang='lat' dir='ltr'>vene-</span> 
     </span>
     <span class='ocr_line' id='line_1_23' title="bbox 300 3487 2420 3593; baseline -0.005 -24"><span class='ocrx_word' id='word_1_149' title='bbox 300 3497 517 3569; x_wconf 87' lang='lat' dir='ltr'>rabili</span> <span class='ocrx_word' id='word_1_150' title='bbox 574 3495 927 3593; x_wconf 86' lang='lat' dir='ltr'>scripsisse</span> <span class='ocrx_word' id='word_1_151' title='bbox 974 3493 1125 3591; x_wconf 89' lang='lat' dir='ltr'>jam</span> <span class='ocrx_word' id='word_1_152' title='bbox 1159 3490 1439 3583; x_wconf 80' lang='lat' dir='ltr'>videor,</span> <span class='ocrx_word' id='word_1_153' title='bbox 1479 3514 1612 3563; x_wconf 90' lang='lat' dir='ltr'>nec</span> <span class='ocrx_word' id='word_1_154' title='bbox 1667 3488 1926 3561; x_wconf 89' lang='lat' dir='ltr'>desunt</span> <span class='ocrx_word' id='word_1_155' title='bbox 1966 3487 2228 3584; x_wconf 91' lang='lat' dir='ltr'>quibus</span> <span class='ocrx_word' id='word_1_156' title='bbox 2263 3488 2420 3578; x_wconf 86' lang='lat' dir='ltr'>ista,</span> 
     </span>
     <span class='ocr_line' id='line_1_24' title="bbox 300 3600 2426 3703; baseline -0.004 -19"><span class='ocrx_word' id='word_1_157' title='bbox 300 3612 473 3686; x_wconf 89' lang='lat' dir='ltr'>licet</span> <span class='ocrx_word' id='word_1_158' title='bbox 502 3610 899 3697; x_wconf 81' lang='lat' dir='ltr'>verissima,</span> <span class='ocrx_word' id='word_1_159' title='bbox 950 3633 1288 3681; x_wconf 85' lang='lat' dir='ltr'>nauseam</span> <span class='ocrx_word' id='word_1_160' title='bbox 1314 3610 1337 3647; x_wconf 86' lang='lat'>⁸</span> <span class='ocrx_word' id='word_1_161' title='bbox 1368 3620 1730 3703; x_wconf 87' lang='lat' dir='ltr'>generent.</span> <span class='ocrx_word' id='word_1_162' title='bbox 1767 3608 1928 3701; x_wconf 90' lang='lat' dir='ltr'>Ipse</span> <span class='ocrx_word' id='word_1_163' title='bbox 1959 3625 2251 3699; x_wconf 89' lang='lat' dir='ltr'>quoque</span> <span class='ocrx_word' id='word_1_164' title='bbox 2281 3600 2426 3675; x_wconf 88' lang='lat' dir='ltr'>hoc</span> 
     </span>
     <span class='ocr_line' id='line_1_25' title="bbox 299 3721 2417 3824; baseline -0.004 -26"><span class='ocrx_word' id='word_1_165' title='bbox 299 3726 635 3801; x_wconf 87' lang='lat' dir='ltr'>futurum</span> <span class='ocrx_word' id='word_1_166' title='bbox 689 3724 1157 3824; x_wconf 68' lang='lat' dir='ltr'>praevideram</span> <span class='ocrx_word' id='word_1_167' title='bbox 1194 3752 1211 3798; x_wconf 72' lang='grc' dir='ltr'><strong><em>ε</em></strong></span> <span class='ocrx_word' id='word_1_168' title='bbox 1264 3722 1392 3797; x_wconf 86' lang='lat' dir='ltr'>sed</span> <span class='ocrx_word' id='word_1_169' title='bbox 1452 3721 1567 3793; x_wconf 85' lang='lat' dir='ltr'>his</span> <span class='ocrx_word' id='word_1_170' title='bbox 1626 3732 2008 3791; x_wconf 80' lang='lat' dir='ltr'>contentus</span> <span class='ocrx_word' id='word_1_171' title='bbox 2063 3742 2212 3790; x_wconf 91' lang='lat' dir='ltr'>non</span> <span class='ocrx_word' id='word_1_172' title='bbox 2265 3744 2417 3792; x_wconf 88' lang='lat' dir='ltr'>ero.</span> 
     </span>
    </p>
   </div>
   <div class='ocr_carea' id='block_1_5' title="bbox 298 3951 2422 4405">
    <p class='ocr_par' dir='ltr' id='par_1_6' title="bbox 298 3951 2422 4233">
     <span class='ocr_line' id='line_1_26' title="bbox 382 3951 2421 4038; baseline -0.006 -10"><span class='ocrx_word' id='word_1_173' title='bbox 382 3971 412 4027; x_wconf 77' lang='lat'><strong>1</strong></span> <span class='ocrx_word' id='word_1_174' title='bbox 428 4009 447 4027; x_wconf 92' lang='lat'><strong>.</strong></span> <span class='ocrx_word' id='word_1_175' title='bbox 478 3964 662 4027; x_wconf 81' lang='lat' dir='ltr'>Moris</span> <span class='ocrx_word' id='word_1_176' title='bbox 684 3976 833 4038; x_wconf 85' lang='lat' dir='ltr'>erat,</span> <span class='ocrx_word' id='word_1_177' title='bbox 860 3976 923 4023; x_wconf 86' lang='lat' dir='ltr'>ut</span> <span class='ocrx_word' id='word_1_178' title='bbox 950 3960 1229 4022; x_wconf 87' lang='lat' dir='ltr'>adnotant</span> <span class='ocrx_word' id='word_1_179' title='bbox 1254 3958 1498 4029; x_wconf 83' lang='lat' dir='ltr'>Bened.‚</span> <span class='ocrx_word' id='word_1_180' title='bbox 1528 3953 1719 4015; x_wconf 82' lang='lat' dir='ltr'>media</span> <span class='ocrx_word' id='word_1_181' title='bbox 1746 3966 1806 4013; x_wconf 85' lang='lat' dir='ltr'>et</span> <span class='ocrx_word' id='word_1_182' title='bbox 1829 3951 2028 4015; x_wconf 85' lang='lat' dir='ltr'>infima</span> <span class='ocrx_word' id='word_1_183' title='bbox 2054 3966 2240 4031; x_wconf 81' lang='lat' dir='ltr'>aetate,</span> <span class='ocrx_word' id='word_1_184' title='bbox 2271 3954 2421 4017; x_wconf 86' lang='lat' dir='ltr'>utin</span> 
     </span>
     <span class='ocr_line' id='line_1_27' title="bbox 298 4045 2422 4141; baseline -0.006 -20"><span class='ocrx_word' id='word_1_185' title='bbox 298 4058 537 4140; x_wconf 63' lang='lat' dir='ltr'>praeviis</span> <span class='ocrx_word' id='word_1_186' title='bbox 585 4057 959 4141; x_wconf 77' lang='lat' dir='ltr'>epistolarum</span> <span class='ocrx_word' id='word_1_187' title='bbox 1000 4048 1441 4115; x_wconf 81' lang='lat' dir='ltr'>salutationibus</span> <span class='ocrx_word' id='word_1_188' title='bbox 1477 4046 1754 4130; x_wconf 84' lang='lat' dir='ltr'>dignioris</span> <span class='ocrx_word' id='word_1_189' title='bbox 1791 4066 2004 4108; x_wconf 85' lang='lat' dir='ltr'>nomen</span> <span class='ocrx_word' id='word_1_190' title='bbox 2037 4045 2270 4109; x_wconf 83' lang='lat' dir='ltr'>alterius</span> <span class='ocrx_word' id='word_1_191' title='bbox 2309 4069 2422 4111; x_wconf 89' lang='lat' dir='ltr'>no-</span> 
     </span>
     <span class='ocr_line' id='line_1_28' title="bbox 304 4152 931 4233; baseline -0.003 -22"><span class='ocrx_word' id='word_1_192' title='bbox 304 4152 448 4213; x_wconf 88' lang='lat' dir='ltr'>mini</span> <span class='ocrx_word' id='word_1_193' title='bbox 474 4163 931 4233; x_wconf 79' lang='lat' dir='ltr'>praeponeretur.</span> 
     </span>
    </p>

    <p class='ocr_par' dir='ltr' id='par_1_7' title="bbox 381 4236 1841 4325">
     <span class='ocr_line' id='line_1_29' title="bbox 381 4236 1841 4325; baseline -0.005 -19"><span class='ocrx_word' id='word_1_194' title='bbox 381 4251 450 4306; x_wconf 71' lang='lat'>³2.</span> <span class='ocrx_word' id='word_1_195' title='bbox 478 4244 689 4323; x_wconf 82' lang='lat' dir='ltr'>Eccli.,</span> <span class='ocrx_word' id='word_1_196' title='bbox 712 4266 869 4325; x_wconf 79' lang='lat' dir='ltr'>mv,</span> <span class='ocrx_word' id='word_1_197' title='bbox 894 4248 995 4304; x_wconf 77' lang='lat'>17.</span> <span class='ocrx_word' id='word_1_198' title='bbox 1046 4272 1126 4290; x_wconf 92' lang='lat'>—</span> <span class='ocrx_word' id='word_1_199' title='bbox 1168 4243 1229 4301; x_wconf 86' lang='grc'>3.</span> <span class='ocrx_word' id='word_1_200' title='bbox 1254 4244 1535 4301; x_wconf 74' lang='lat' dir='ltr'>Nausiam</span> <span class='ocrx_word' id='word_1_201' title='bbox 1559 4236 1696 4299; x_wconf 89' lang='lat' dir='ltr'>cod.</span> <span class='ocrx_word' id='word_1_202' title='bbox 1733 4256 1841 4299; x_wconf 80' lang='lat' dir='ltr'>ms.</span> 
     </span>
    </p>

    <p class='ocr_par' dir='ltr' id='par_1_8' title="bbox 2111 4348 2188 4405">
     <span class='ocr_line' id='line_1_30' title="bbox 2111 4348 2188 4405; baseline 0.026 -2"><span class='ocrx_word' id='word_1_203' title='bbox 2111 4348 2188 4405; x_wconf 68' lang='lat'>25</span> 
     </span>
    </p>
   </div>
  </div>
 </body>
</html>
