3275 5317
871 545 987 601 114
1302 536 1629 597 OEUVRES
1669 536 2094 594 COMPLETES
2134 536 2234 592 DE
2271 535 2541 595 SUGER.

868 675 1031 746 tius¹
1064 668 1444 766 erexerat),
1476 668 1569 742 ad
1600 693 1758 740 eam
1791 668 2216 741 visitandam
2249 683 2816 766 properanteS,a
2855 667 2993 739 do-

871 790 1069 861 mino
1100 811 1285 885 papa
1334 784 1607 857 Calixto
1652 799 1722 856 et
1759 798 1904 857 tota
1944 785 2144 857 curia
2173 782 2572 856 honorifice
2603 783 2814 855 valde
2851 808 2988 855 re-

870 900 1059 996 cepti
1100 922 1233 996 per
1274 921 1393 969 sex
1437 920 1742 983 menseS,
1815 921 2002 975 cum.
2031 894 2224 994 apud
2279 920 2447 967 eum
2505 894 2984 987 demorandO,

872 1036 1130 1109 magno
1184 1012 1488 1083 concilio
1556 1026 2038 1085 trecentorum
2097 1025 2223 1083 aut
2264 1010 2568 1109 amplius
2619 1011 2991 1110 episcopo-

871 1154 1065 1215 rum,
1098 1129 1456 1199 Lateranis
1487 1128 1992 1227 compositioni
2017 1128 2211 1226 pacis
2245 1126 2337 1199 de
2382 1128 2676 1224 querela
2701 1127 2990 1199 investi-

870 1259 1190 1316 turarum
1247 1244 1797 1334 astitissemus’3
1846 1245 2186 1315 orationis
2245 1266 2460 1317 causa
2517 1243 2989 1339 frequentatis

870 1357 1163 1431 diversis
1213 1376 1621 1433 sanctorum
1658 1360 1860 1452 lociS,
1904 1359 2233 1433 videlicet
2279 1364 2351 1432 S.
2407 1358 2764 1431 Benedicti
2807 1362 2986 1431 Cas-

868 1471 1028 1563 sini,
1062 1477 1133 1545 S.
1166 1474 1662 1549 Bartholomaei
1691 1476 2100 1566 Beneventi,
2137 1477 2212 1545 S.
2236 1474 2542 1545 Matthaei
2572 1472 2866 1565 Salerni,
2893 1476 2980 1543 S.

868 1587 1135 1660 Nicolai
1184 1592 1369 1680 Bari,
1434 1595 1862 1663 Sanctorum
1931 1588 2362 1684 Angelorum
2431 1588 2766 1683 Gargani,
2821 1590 2984 1659 Deo

868 1703 1290 1799 opitulante,
1326 1731 1494 1777 cum
1527 1706 1753 1803 gratia
1798 1721 1874 1777 et
1917 1704 2192 1777 domini
2229 1728 2430 1801 papae
2463 1726 2707 1775 amore
2735 1716 2807 1773 et
2829 1701 2986 1773 for-

868 1815 1079 1886 matis
1128 1816 1482 1914 epistolis⁸
1533 1841 1873 1915 prospere
1929 1814 2438 1888 remeavimus,
2495 1817 2678 1886 Cum
2739 1828 2984 1885 autem

868 1941 940 2001 et
961 1928 1096 2002 alia
1118 1930 1298 2021 vice,
1328 1946 1487 2029 post
1510 1931 1786 2030 aliquot
1820 1955 2073 2021 annoS,
2110 1955 2246 2003 nos
2277 1929 2708 2019 dulcissime,
2733 1944 2814 2000 ut
2829 1953 2982 1999 ma-

867 2046 971 2139 gis
1009 2044 1399 2118 honoraret
1457 2062 1553 2137 et,
1613 2047 1798 2119 sicut
1839 2048 1914 2118 in
1965 2046 2211 2118 litteris
2257 2045 2400 2117 suis
2447 2042 2977 2135 continebatur,

864 2156 1169 2233 libenter
1207 2162 1566 2253 exaltaret,
1613 2162 1708 2234 ad
1739 2164 2008 2235 curiam
2035 2176 2460 2253 revocasset,
2494 2160 2688 2258 apud
2709 2164 2978 2232 Lucam

863 2278 1127 2348 Tusciae
1157 2277 1513 2349 civitatem
1552 2277 1882 2350 decessus
1940 2279 2089 2376 ejus
2117 2280 2484 2350 veritatem
2540 2298 2980 2370 cognoscen-

868 2404 997 2483 tes,
1053 2396 1543 2465 Romanorum
1590 2418 1854 2466 novam
1894 2411 1967 2468 et
2009 2409 2326 2467 veterem
2368 2392 2737 2467 avaritiam
2772 2390 2980 2463 devi-

868 2507 1091 2580 tando
1133 2509 1693 2581 retrocessimus,
1733 2511 1864 2583 Cui
1902 2512 2234 2584 successit
2283 2510 2376 2582 de
2426 2508 2782 2581 Hostiensi
2833 2508 2984 2606 cpi-

865 2647 1084 2721 scopo
1126 2618 1521 2723 approbata
1568 2652 1876 2725 persona
1905 2643 2308 2724 assumptus
2358 2650 2544 2725 papa
2588 2625 2976 2713 Honor-im,

864 2740 975 2809 vir
1009 2739 1237 2835 gravis
1274 2756 1347 2812 et
1389 2765 1706 2813 severus.
1757 2742 1899 2830 Qui
1935 2766 2100 2814 cum
2144 2742 2488 2839 justitiam
2529 2756 2844 2812 nostram
2883 2738 2980 2811 de

865 2856 1295 2928 monasterio
1332 2856 1842 2953 Argentoilensi
1868 2860 1914 2950 ⁸,
1947 2858 2345 2956 puellarum
2377 2857 2773 2929 miserrima
2805 2879 2978 2927 con-

944 3146 1007 3203 1.
1038 3142 1131 3201 Sic
1160 3143 1329 3205 codd.
1374 3164 1576 3205 omnes
1601 3164 1672 3205 ac
1705 3145 1846 3209 edit.
1888 3145 2186 3211 Benedict.
2215 3178 2297 3192 —
2323 3151 2599 3218 Alternis,
2631 3145 2802 3218 male,
2835 3142 2974 3205 edd.

865 3236 1067 3295 Germ.
1105 3249 1163 3296 et
1194 3236 1405 3301 Chesn.
1437 3242 1646 3298 Sensus
1675 3240 1869 3317 itaque
1897 3252 1984 3298 est
2011 3261 2023 3297 :
2051 3244 2311 3299 Romana
2335 3238 2574 3299 ccclesia
2597 3240 2768 3299 altius
2795 3258 2980 3316 quam

863 3346 971 3406 ego
1007 3327 1130 3407 ipse
1162 3330 1393 3407 negotia
1426 3344 1647 3408 nostra,
1666 3330 1730 3390 id
1750 3344 1838 3391 est
1859 3332 2110 3391 ecclesiae
2137 3336 2196 3393 S.
2227 3332 2508 3410 Dionysii,
2535 3352 2588 3391 e1
2599 3342 2796 3391 exerat
2823 3333 2978 3409 (No-

864 3420 982 3479 tula
1004 3421 1325 3503 Benedict.)

941 3518 1001 3575 Ξ.
1039 3518 1167 3574 Hoc
1215 3515 1520 3577 concilium
1563 3517 1833 3598 generale
1868 3538 2083 3578 nonum
2128 3522 2410 3580 Laterano
2445 3530 2851 3597 congregatum
2885 3530 2976 3577 est

862 3624 1015 3666 anno
1042 3613 1221 3683 1123,
1251 3609 1345 3671 die
1374 3611 1563 3671 martii
1583 3612 1857 3671 vicesima
1883 3612 2072 3674 tertie.

942 3704 999 3760 3.
1039 3702 1107 3759 Id
1140 3715 1227 3762 est
1256 3724 1387 3762 cum
1430 3703 1634 3763 litteris
1661 3705 2160 3779 commendatitiiS,
2191 3726 2332 3785 quas
2359 3707 2498 3767 olim
2535 3706 2744 3766 summi
2773 3704 2976 3785 ponti-

862 3790 995 3850 fices
1034 3806 1093 3851 et
1118 3795 1374 3875 episcopi
1400 3796 1662 3855 fidelibus
1684 3811 1743 3855 et
1777 3799 2099 3878 praesertim
2125 3799 2344 3859 clericis
2371 3799 2886 3880 peregrinantibus,
2907 3808 2975 3856 ut

860 3903 1219 3965 quacumque
1250 3890 1557 3949 transirent
1581 3888 1828 3969 benigne
1855 3903 1912 3951 et
1945 3892 2262 3951 honorifice
2291 3893 2718 3973 exciperentur,
2745 3890 2973 3951 condo-

859 3976 1095 4037 nabant.
1134 3984 1389 4055 Quarum
1425 4004 1576 4062 papa
1614 3987 1818 4043 Sextus
1853 3989 1881 4043 1
1915 3998 2116 4045 auctor
2151 3985 2420 4058 habetur,
2463 3999 2528 4045 ut
2562 3985 2759 4046 videre
2791 3997 2878 4046 oet
2907 3984 2974 4045 in

861 4068 1037 4129 Libro
1068 4072 1381 4134 Pontificali
1402 4094 1566 4155 papae
1587 4078 1844 4140 Damasi.

940 4169 1000 4221 [α.
1034 4165 1213 4245 Vulgo
1236 4170 1572 4245 Argenteuil
1594 4168 2088 4251 (Seiae-et-Oise).
2125 4173 2212 4233 cf.
2249 4171 2474 4250 Sugerii
2505 4171 2718 4232 librum
2750 4171 2826 4231 de
2861 4170 2978 4229 ad-

863 4253 1270 4319 ministratione
1288 4265 1411 4332 sue,
1438 4280 1567 4341 cap.
1592 4281 1683 4321 ιιι.
