3275 5317
742 631 860 690 406
1179 628 1514 686 onuvans
1557 611 1990 687 coMpLie'rns
2032 630 2129 685 m:
2174 628 2441 687 summ.

743 760 1254 861 prehendenda
1285 784 1440 857 quae
1477 784 1661 857 opus
1686 774 1867 830 esset
1899 773 1972 831 et
2008 758 2479 833 custodienda
2516 788 2534 831 ε
2573 761 2759 833 adeo
2786 778 2869 835 ut

747 900 1216 975 quaecumque
1242 874 1512 971 egregie
1561 879 1578 913 ¹
1599 873 1789 945 dicta
1822 873 1934 945 vel
1978 874 2289 946 audisset
2332 874 2721 974 aliquando
2750 878 2871 951 vel

745 993 896 1091 ipse
917 990 1230 1081 dixisset,
1269 989 1433 1061 loco
1466 1003 1540 1061 et
1574 1003 1900 1086 tempore
1931 989 2005 1059 in
2044 1004 2385 1087 promptu
2414 990 2741 1064 haberet.
2778 996 2867 1065 In

749 1131 896 1206 quo
927 1104 1274 1179 sobrietas
1305 1104 1484 1178 adeo
1515 1104 1764 1199 viguit,
1802 1117 1883 1175 ut
1916 1128 2133 1175 nemo
2162 1103 2600 1179 discerneret
2622 1122 2867 1181 utrum

747 1238 912 1295 ante
977 1221 1223 1294 cibum
1240 1275 1259 1310 ,
1323 1244 1414 1290 an
1472 1217 1638 1290 cibo
1698 1234 1988 1318 sumpto
2044 1220 2265 1316 magis
2318 1236 2501 1293 esset
2550 1220 2859 1297 sobrius,

747 1341 1078 1411 Ceterum
1113 1351 1192 1407 ut
1223 1334 1450 1407 multa
1473 1333 1791 1407 breviter
1820 1334 2554 1435 comprehendantur,
2583 1352 2867 1435 quantae

746 1454 1028 1527 virtutis
1071 1451 1185 1525 vel
1210 1456 1235 1493 ²
1279 1452 1634 1550 opinionis
1666 1452 1777 1523 vir
1814 1451 1947 1523 iste
1998 1452 2071 1523 in
2121 1465 2277 1523 toto
2322 1476 2545 1548 regno
2582 1451 2869 1525 habitus

747 1570 864 1661 sit,
919 1593 1061 1641 una
1119 1568 1273 1640 haec
1319 1590 1433 1639 res
1471 1567 1668 1639 testis
1714 1568 1971 1655 extitit,
2018 1567 2218 1663 quod
2266 1590 2387 1638 rex
2436 1566 2861 1657 Ludovicus,

749 1682 1319 1781 Hierosolymam
1343 1681 1824 1781 proficiscenS,
1842 1682 2139 1755 consilio
2165 1681 2590 1781 pontificum
2613 1699 2688 1756 et
2706 1708 2867 1782 pro-

747 1824 994 1871 cerum
1027 1813 1330 1897 expertae
1365 1796 1557 1869 illius
1595 1794 1763 1869 fidei
1808 1816 1879 1869 et
1916 1798 2216 1871 solertiae
2248 1822 2551 1893 regnum
2592 1802 2863 1897 specia-

745 1914 907 1991 liter
956 1912 1348 2009 regendum
1403 1912 1786 1985 commisit.
1850 1914 2065 2002 Quod
2114 1915 2234 1986 ille
2284 1912 2572 1986 duobus
2602 1915 2822 1987 ferme
2846 1919 2871 1956 ⁸

751 2030 979 2121 annis,
1001 2030 1295 2125 juvante
1327 2030 1510 2117 Deo,
1534 2028 1634 2100 ita
1661 2028 2209 2100 amministravit
2234 2043 2305 2101 et
2333 2029 2541 2119 rexit,
2564 2043 2649 2100 ut
2672 2030 2863 2126 prin-

751 2143 893 2243 cipi
919 2168 1209 2216 reverso
1251 2143 1632 2216 commissa
1665 2142 1798 2214 sibi
1840 2144 2240 2215 restitueret
2285 2144 2583 2239 integra.
2620 2142 2761 2215 Sed
2794 2160 2866 2218 et

753 2285 1075 2331 summus
1107 2258 1430 2331 Pontifex
1471 2258 1854 2355 EugeniuS,
1895 2259 2229 2355 quotiens
2252 2258 2485 2357 aliqua
2524 2260 2599 2330 in
2644 2284 2867 2356 regno

753 2377 1074 2471 graviora
1111 2374 1584 2466 emersissent,
1623 2399 1793 2446 cum
1824 2374 1919 2447 ad
1950 2374 2169 2472 ipsius
2220 2374 2657 2448 audientiam
2692 2375 2863 2447 fuis-

753 2506 912 2564 sent
943 2490 1240 2589 periata,
1268 2490 1466 2563 istius
1499 2490 1818 2588 prohatae
1850 2488 2259 2580 discretioni
2282 2494 2305 2529 ⁵
2334 2492 2587 2589 saepius
2622 2490 2864 2564 termi-

756 2606 991 2679 nanda
1053 2606 1350 2678 remisit.
1415 2607 1556 2692 Qui
1611 2630 1779 2677 cum
1811 2606 2072 2677 invitus
2112 2622 2184 2679 et
2238 2620 2529 2679 coactus
2558 2606 2869 2680 consiliis

755 2746 1006 2818 regum
1034 2721 1400 2793 interesset
1428 2735 1499 2792 et
1527 2721 1963 2819 principum,
1991 2721 2162 2812 hoc,
2194 2736 2276 2793 ut
2309 2720 2689 2813 fatebatur,
2716 2746 2863 2793 non

757 2837 908 2909 sine
939 2861 1199 2932 magno
1221 2836 1482 2909 mentis
1511 2836 1915 2932 gravamine
1950 2836 2372 2929 sustinebat,
2416 2852 2501 2911 ut
2544 2837 2865 2936 pupillis,

754 2964 838 3021 ut
867 2950 1128 3042 viduis»,
1176 2966 1258 3023 ut
1316 2951 1892 3049 quibuscumque
1921 2950 2357 3051 pauperibus
2408 2967 2480 3025 et
2534 2952 2863 3049 injuriam

757 3065 1264 3137 sustinentibus
1308 3090 1523 3165 opem
1563 3066 1824 3159 ferret3
1881 3082 1952 3139 et
1980 3069 2331 3166 praecipue
2361 3082 2445 3140 ut
2474 3069 2867 3141 commissae

757 3178 895 3251 sibi
943 3180 1270 3252 Ecclesiae
1327 3181 1436 3253 vel
1490 3182 1745 3254 ceteris
1792 3183 1866 3253 in
1924 3206 2145 3278 regno
2208 3183 2611 3256 constitutis
2674 3182 2859 3281 apud

755 3295 1155 3393 principem
1183 3298 1256 3367 in
1280 3298 1809 3395 opportunitate
1844 3296 2273 3371 subveniret.
2302 3299 2429 3371 His
2452 3300 2691 3395 itaque
2708 3314 2860 3371 tan-

756 3411 847 3481 tis
875 3431 958 3482 ac
987 3409 1248 3484 talibus
1281 3412 1418 3483 viri
1447 3412 1805 3508 magnifici
1854 3412 2064 3485 bonis
2098 3414 2173 3485 in
2206 3412 2569 3510 quendam
2608 3414 2867 3486 mentis

758 3550 1124 3599 excessum
1161 3526 1352 3617 elati,
1399 3550 1681 3627 semper
1718 3552 1886 3600 eum
1938 3529 2364 3626 optabamus
2417 3530 2867 3629 superstitem

757 3646 1017 3736 quem⁸
1047 3640 1482 3715 credidimus
1510 3645 1655 3715 vita
1688 3643 2113 3740 digniorem,
2146 3661 2218 3717 et
2252 3645 2418 3719 ideo
2450 3646 2729 3744 plagam
2758 3668 2871 3715 ex-

757 3756 1082 3855 cepimus
1136 3782 1355 3854 quam
1407 3759 1522 3829 vix
1579 3759 1768 3831 ferre
1820 3761 2234 3858 poterimus.
2298 3766 2385 3832 Et
2428 3760 2750 3859 quidem,
2806 3762 2867 3834 si

838 3982 896 4039 1.
921 3977 1016 4037 Sic
1037 3979 1172 4039 cod.
1203 3998 1339 4051 ms„
1375 3992 1434 4039 et
1463 3980 1598 4039 edd.
1629 3980 1815 4041 Felib.
1846 4002 1914 4042 ac
1936 3982 2153 4045 Bened.
2192 4018 2273 4030 —
2299 3988 2457 4042 Adeo
2472 3998 2533 4043 ιιι
2556 3990 2611 4041 si
2646 3984 2868 4061 egregie

755 4067 852 4131 ed.
877 4069 1004 4128 bar.
1037 4068 1112 4130 de
1139 4070 1375 4133 Altolio.

832 4165 894 4223 2.
909 4170 996 4227 ,Et
1021 4162 1160 4224 edit.
1187 4164 1311 4223 bar.
1344 4165 1418 4225 de
1443 4164 1680 4227 Altolio.
1705 4198 1787 4213 —-
1827 4170 1885 4227 3.
1914 4174 2063 4229 Fere
2086 4170 2227 4232 edit.
2256 4168 2386 4235 bar.
2414 4170 2487 4231 de
2507 4170 2746 4233 Aitolia.

829 4258 892 4313 4.
918 4259 1301 4331 Discretionis,
1335 4259 1506 4333 male,
1533 4260 1668 4319 edd.
1700 4258 1883 4325 Felib.
1908 4272 1972 4321 et
1994 4264 2207 4322 Bened.

837 4354 893 4407 5.
927 4352 1104 4423 Quem
1139 4349 1298 4410 deest
1325 4350 1384 4410 in
1416 4351 1548 4411 edd.
1581 4352 1765 4411 Felib.
1796 4366 1853 4413 et
1877 4356 2094 4415 Bened.
