3275 5317
1307 564 1652 623 CHARTES.
2421 572 2534 627 357

422 720 589 767 rum
672 694 1174 767 columnarum
1266 711 1340 767 et
1422 720 1718 768 arcuum
1793 700 2288 773 convenientia
2375 717 2537 800 apte

417 811 653 901 unito,
718 811 1042 909 superius
1101 812 1322 883 sancti
1384 813 1685 883 Romani
1749 815 2169 906 oratorium,
2242 815 2536 889 inferius

416 928 644 999 sancti
672 924 1066 1025 Hyppoliti,
1100 941 1171 998 et
1204 952 1285 998 ex
1326 926 1460 997 alia
1486 942 1690 1026 parte
1731 929 1958 999 sancti
2009 928 2529 1025 Bartholomaei,

414 1066 587 1113 cum
629 1040 882 1113 eadem
915 1065 1099 1112 nova
1142 1040 1451 1113 Ecclesia
1482 1066 1525 1115 a
1557 1042 1946 1115 venerabili
1987 1043 2534 1142 Rothomagensi

414 1157 957 1255 archiepiscopo
989 1160 1287 1252 Hugone
1322 1173 1393 1229 et
1427 1158 1577 1228 aliis
1620 1158 2146 1231 venerabilibus
2184 1161 2532 1261 episcopis

413 1272 814 1344 consecrari
880 1272 1312 1364 fecissemuS,
1375 1272 1685 1372 ipsisque
1738 1274 1968 1347 tribus
2019 1278 2346 1347 oratoriis
2399 1304 2532 1376 pro

412 1387 587 1460 dote
657 1387 1005 1460 catholica
1072 1402 1342 1459 terram
1408 1388 1615 1483 regiae
1675 1388 1965 1481 domus,
2016 1414 2229 1487 quam
2285 1408 2533 1489 quater

411 1502 663 1597 viginti
691 1500 889 1574 libris
916 1504 991 1571 ¹a
1010 1501 1373 1574 Willelmo
1392 1502 1910 1576 cornillonensi
1949 1504 2191 1577 favore
2222 1502 2530 1581 liliorum

411 1632 485 1689 et
496 1632 879 1715 parentum
894 1616 1272 1689 locandam
1288 1633 1360 1691 et
1374 1617 1911 1715 hospitandam²
1924 1644 2181 1718 compa
2189 1622 2408 1693 ravim
2416 1648 2527 1716 υς,

408 1730 507 1805 ad
538 1732 915 1804 luminaria
948 1734 1272 1830 ipsorum
1304 1734 1782 1807 oratoriorum
1804 1734 1876 1805 in
1909 1750 2337 1833 perpetuum
2366 1764 2534 1815 con-

408 1846 913 1930 firmassemuS,
946 1847 1187 1921 subito
1215 1863 1627 1922 sanctorum
1661 1852 2055 1947 Martyrum
2094 1846 2528 1926 domnorum

409 1978 483 2035 et
523 1976 1016 2059 protectorum
1063 1976 1478 2035 nostrorum
1523 1988 1732 2035 amor
1795 1978 1868 2035 et
1913 1964 2205 2039 devotio
2255 1992 2388 2039 nos
2438 1968 2528 2040 ad

408 2079 1011 2175 augmentandam
1054 2093 1126 2150 et
1166 2078 1744 2178 amplificandam
1779 2081 2168 2179 superioris
2222 2082 2529 2155 ecclesiae

406 2208 686 2292 partem
718 2194 1091 2293 capitalem
1119 2196 1378 2293 rapuit.
1406 2198 1551 2265 Nec
1574 2219 1710 2265 nos
1742 2193 1835 2265 ab
1867 2194 2078 2291 hujus
2118 2196 2523 2296 inceptione

407 2308 601 2381 illius
616 2310 850 2406 potuit
867 2309 1315 2407 imperfectio
1339 2307 1712 2393 devocare,
1738 2322 2096 2406 sperantes
2113 2310 2186 2380 in
2215 2312 2526 2383 Domino

404 2418 606 2516 quod
629 2420 761 2492 Dei
794 2420 1315 2516 omnipotentia
1348 2435 1421 2491 et
1452 2420 1552 2491 illi
1579 2420 1807 2518 priori
1852 2434 1924 2492 et
1967 2418 2134 2491 huic
2181 2422 2384 2519 operi
2423 2448 2526 2493 se·
2637 2460 2644 2468 ·

404 2532 677 2628 quenti,
712 2545 838 2603 aut
863 2554 992 2628 per
1030 2556 1165 2602 nos
1205 2546 1328 2603 aut
1352 2555 1484 2629 per
1513 2556 1696 2628 quos
1728 2532 1794 2604 ei
1830 2528 2201 2629 placuerit,
2225 2532 2522 2630 plenum

402 2647 670 2744 poterit
694 2648 1033 2746 adaptare
1065 2646 1674 2746 supplementum.
1708 2650 1864 2719 Huc
1887 2648 2180 2719 accessit
2202 2664 2520 2721 nostram

400 2762 742 2860 rapiendo
758 2761 1239 2851 devotionem,
1267 2762 1607 2859 quoniam
1631 2761 1811 2834 infra
1836 2762 2074 2835 Sancti
2093 2765 2516 2836 Sanctorum

400 2878 600 2949 locus
622 2877 746 2949 ille
772 2860 1139 2950 Divinitati
1166 2878 1495 2969 idoneus»,
1527 2891 1943 2951 sanctorum
1968 2879 2516 2976 frequentationi

398 2993 821 3089 angelorum
863 2993 1327 3088 gratissimuS,
1364 3008 1561 3065 tanta
1610 2994 1722 3064 sui
1755 2994 2078 3089 angustia
2119 2992 2511 3087 artabatur,

400 3120 477 3179 ut
514 3133 649 3179 nec
684 3106 865 3180 hora
909 3110 1127 3179 sancti
1167 3106 1494 3179 sacrificii
1529 3108 1603 3179 in
1655 3108 2231 3181 solemnitatibus
2271 3108 2517 3183 fratres

398 3222 881 3295 sacratissimae
919 3221 1359 3294 eucharistiae
1402 3225 2010 3297 communicantes
2055 3224 2329 3298 ibidem
2388 3226 2513 3298 de-

396 3338 664 3410 morari
695 3353 1007 3437 possent,
1040 3362 1172 3410 nec
1200 3337 1740 3412 adventantium
1770 3342 2320 3440 peregrinorum
2357 3365 2510 3412 mo-
2539 3412 2552 3421 ,

396 3452 653 3525 lestam
696 3452 1170 3551 frequentiam
1205 3454 1629 3528 multociens
1677 3455 1830 3527 sine
1881 3478 2144 3550 magno
2191 3454 2513 3554 periculo

398 3570 745 3641 sustinere
771 3569 1113 3644 valerent.
1154 3569 1445 3642 Videres
1480 3572 1656 3642 alios
1687 3568 1781 3641 ab
1810 3569 1963 3641 aliis
1997 3572 2298 3665 graviter
2337 3594 2512 3641 con-

398 3683 691 3774 culcari,
716 3699 814 3775 et,
854 3683 1051 3782 quod
1074 3685 1285 3756 multi
1317 3684 1830 3770 discrederent,
1861 3682 2180 3781 pronitas
2216 3684 2507 3756 mulier-

394 3799 617 3889 culaS,
660 3824 870 3899 super
909 3800 1141 3899 capita
1171 3802 1490 3873 virorum
1528 3814 1869 3896 tanquam
1895 3823 2108 3898 super
2141 3800 2508 3897 pavimen-

398 3930 549 3986 tum
612 3912 1013 3986 incedendo
1035 3918 1083 4007 ⁸,
1141 3914 1275 3988 niti
1332 3912 1424 3987 ad
1485 3912 1709 3987 altare
1759 3938 2221 4005 concurrere,
2274 3914 2511 4012 pulsas

474 4117 533 4171 1.
571 4109 779 4170 Libras
810 4110 907 4173 ed.
940 4108 1197 4169 Dubleti.

473 4209 537 4267 Ξ.
576 4208 875 4265 Locandas
900 4218 957 4261 et
976 4206 1371 4281 hospitandas,
1406 4206 1700 4283 mendose,
1735 4204 1867 4263 edd.

476 4303 534 4356 ⁴3.
564 4300 877 4355 Incedendo
898 4298 1057 4355 deest
1087 4297 1145 4355 in
1171 4298 1267 4359 ed.
1298 4296 1554 4360 Dnbleti.
