3275 5317
952 572 1067 629 180
1386 570 1710 629 OEuvnns
1750 551 2170 627 commus
2210 568 2314 623 nr:
2353 567 2638 625 susan.-

948 702 1097 774 fato
1134 703 1297 775 loco
1328 715 1611 799 portata
1643 716 1775 773 est.
1821 704 1994 788 Quae
2041 724 2210 771 cum
2241 724 2371 797 per
2404 698 2669 771 multos
2715 698 2866 771 dies
2892 711 3046 769 ante

944 833 1273 891 sanctum
1310 817 1534 891 altare
1563 814 1978 906 delituisset,
2025 816 2183 915 ipso
2207 839 2351 887 suae
2375 814 2772 915 putredinis
2796 830 2868 887 et
2895 842 3044 891 cor-

942 935 1135 1033 rupti
1191 933 1521 1005 elementi
1563 931 1820 1005 foetore
1869 932 2332 1006 adventantes
2370 932 2638 1004 multos
2687 931 3035 1009 reiciebat.

942 1054 1269 1147 Cumque
1310 1049 1462 1145 jam
1505 1046 1700 1121 nulla
1749 1072 1908 1146 spes
1959 1044 2373 1119 succederet
2410 1045 2730 1119 sanitatis
2784 1046 3042 1143 (tumor

938 1166 1132 1237 enim
1160 1181 1232 1238 et
1255 1165 1482 1237 sanies
1507 1166 1736 1263 ipsam
1757 1164 1973 1236 etiam
2001 1162 2255 1235 faciem
2269 1164 2421 1258 jam
2448 1161 2596 1234 fere
2625 1162 2702 1233 in
2730 1162 3040 1236 informi-

936 1295 1157 1355 tatem
1224 1280 1705 1378 confuderat),
1770 1278 2320 1367 murmurabant
2398 1277 2610 1351 multi
2677 1294 2829 1351 tam
2893 1283 3036 1354 sani

933 1422 1151 1495 quam
1206 1396 1501 1487 infirmi,
1550 1394 1962 1494 suppliciter
2006 1393 2443 1494 postulantes
2495 1408 2578 1466 ut
2634 1392 2730 1466 ab
2793 1396 3034 1469 eadem

928 1512 1297 1586 ecclesiola
1324 1526 1820 1612 exponeretur.
1845 1515 2115 1583 Verum
2138 1509 2390 1582 fratres
2412 1508 2632 1581 nostri
2655 1513 3032 1585 venerandi

927 1628 1061 1700 viri
1100 1628 1505 1701 maluerunt
1538 1628 1884 1700 sustinere
1939 1621 2430 1697 misericordes
2479 1623 2632 1720 ejus
2690 1626 3028 1721 ingratam

921 1745 1395 1842 praesentiam,
1458 1769 1680 1842 quam
1724 1742 2318 1815 immisericordes
2360 1740 2790 1815 absentiam.
2851 1748 3024 1817 Con-

922 1860 1077 1955 tigit
1102 1861 1317 1956 igitur
1335 1857 1655 1958 quadam
1687 1874 1901 1932 nocte
1933 1859 2292 1931 dominica
2320 1856 2424 1955 (in
2443 1856 2554 1929 his
2587 1858 2786 1931 enim
2817 1863 3025 1959 potis-

918 1976 1182 2049 simum
1229 1975 1471 2047 divina
1506 1999 1762 2047 manus
1798 1973 2256 2075 operabatur)
2287 1972 2482 2045 illam
2528 1972 3018 2073 hydropicam,

915 2091 1115 2189 quod
1144 2116 1292 2163 non
1325 2106 1818 2184 consueverat,
1869 2089 2318 2163 obdormisse
2359 2114 2377 2159 ε
2417 2114 2586 2161 cum
2622 2090 2868 2164 subito
2893 2092 3020 2189 glo·

914 2207 1099 2280 riosa
1143 2207 1559 2305 imperatrix
1610 2207 1828 2302 Virgo
1865 2206 2078 2278 Maria
2111 2203 2565 2276 invisibiliter
2605 2204 2698 2276 ad
2745 2222 3013 2281 uterum

910 2322 1216 2395 humore
1252 2322 1479 2395 refluo
1520 2322 1969 2417 exhaustum,
2004 2336 2152 2393 tam
2181 2320 2440 2416 gracile
2468 2344 2689 2417 quam
2721 2322 3014 2395 nitidum

907 2438 1051 2511 cito
1074 2439 1405 2510 restituit.
1466 2438 1785 2531 VidereS,
1822 2452 1894 2511 et
1947 2438 2071 2535 qui
2101 2434 2397 2508 aderant
2439 2451 2589 2507 tam
2627 2435 2882 2509 fratres
2907 2465 3014 2511 no·

904 2553 1032 2625 stri
1070 2577 1289 2649 quam
1335 2553 1454 2625 alii
1500 2552 1712 2626 multi
1755 2552 2092 2627 viderunt
2125 2565 2399 2623 tantam
2453 2551 2666 2624 effusi
2699 2552 3012 2627 humoris

905 2683 976 2742 et
1003 2667 1283 2741 decursi
1316 2670 1663 2765 flegmatis
1685 2671 1759 2740 in
1787 2684 1971 2741 terra
1992 2664 2536 2755 abundantiam,
2573 2684 2658 2740 ut
2683 2692 2850 2741 cum
2875 2696 3014 2743 scu-

902 2782 1087 2857 tellis
1131 2798 1201 2857 et
1233 2784 1461 2857 situlis
1491 2801 1566 2857 et
1603 2784 1764 2858 ollis
1796 2783 1916 2857 illa
1954 2800 2318 2885 asportare
2346 2785 2586 2856 statim
2623 2800 3000 2883 oporteret.

914 2902 1211 2987 Quanto
1258 2915 1499 2973 autem
1530 2901 1659 2999 qui
1689 2900 1989 2973 aderant
2019 2899 2116 2972 ob
2146 2900 2250 2972 rei
2281 2899 2849 2995 magnitudinem
2885 2917 3008 2973 stu·

896 3030 1232 3112 puerunt,
1285 3030 1487 3089 tanto
1525 3016 1856 3089 devotius
1904 3014 2152 3088 laudes
2209 3016 2687 3113 omnipotenti
2731 3020 2889 3090 Deo
2943 3030 3006 3088 et

894 3130 1047 3226 ejus
1071 3132 1411 3203 Genitrici
1428 3131 1923 3206 reddiderunt.
1965 3136 2060 3203 Te
2088 3136 2319 3203 Deum
2346 3130 2725 3203 laudamus
2755 3130 3002 3233 deplo-

890 3242 1119 3317 rando
1150 3260 1641 3340 cantaverunt,
1680 3262 1753 3320 et
1782 3262 1866 3321 ut
1893 3249 2085 3319 Deus
2105 3247 2561 3346 omnipotens
2590 3247 2774 3319 sicut
2791 3248 3005 3321 incoe·

890 3374 1091 3459 perat
1156 3360 1511 3433 honorem
1576 3362 1956 3434 Genitricis
2011 3386 2153 3434 suae
2218 3361 2490 3434 ibidem
2554 3362 3000 3436 continuaret

890 3474 1302 3573 suppliciter
1339 3476 1932 3572 efflagitaverunt.

986 3592 1109 3661 His
1144 3591 1356 3686 igitur
1396 3605 1466 3663 et
1493 3590 1646 3663 aliis
1673 3590 2192 3663 miraculorum
2220 3606 2292 3663 et
2325 3590 2819 3689 prodigiorum
2871 3594 3000 3689 sig-

884 3705 997 3776 nis
1024 3706 1397 3804 praefatum
1428 3705 1668 3779 locum
1699 3706 2074 3801 insignem,
2113 3705 2355 3779 divina
2369 3704 2870 3806 dispositione,
2909 3706 2996 3780 ob

884 3843 1207 3895 amorem
1246 3823 1377 3919 Dei
1410 3821 1788 3895 Genitricis
1822 3821 2181 3893 honorare
2231 3837 2303 3895 et
2351 3822 2660 3895 exaltare
2693 3826 3000 3924 amplec-

882 3948 1135 4028 tenteS‚
1162 3936 1590 4010 aedificatum
1607 3936 1696 4008 iri
1715 3938 2058 4009 instanter
2087 3937 2554 4036 incoepimus3
2585 3954 2683 4031 et,
2717 3956 2804 4013 ut
2835 3965 2996 4014 con-

880 4066 1135 4124 ventus
1166 4052 1464 4125 fratrum
1490 4052 1762 4125 ibidem
1787 4056 1942 4125 Deo
1980 4052 2394 4145 deserviret,
2429 4052 2822 4129 duodecim
2855 4056 2988 4129 fra·

954 4288 1011 4345 1.
1064 4287 1325 4362 Quando,
1355 4286 1527 4361 male,
1559 4286 1771 4347 Chesn.
1799 4285 1942 4348 edit.
