3275 5317
791 550 866 609 92
1210 547 1541 605 OEnvnes
1579 526 2007 604 commas
2047 542 2148 599 DE
2191 542 2456 601 suerin.

886 682 1139 752 xxlla.
1181 683 1361 751 Cum
1399 680 1615 773 igitur
1645 676 1739 749 ad
1770 675 1964 775 pacis
1993 674 2679 747 confoederationem
2713 676 2897 747 inter

788 822 1031 893 regem
1080 795 1341 890 Angliae
1374 810 1444 867 et
1479 817 1721 891 regem
1759 791 2004 863 Galliae
2043 805 2117 863 et
2169 791 2508 863 comitem
2550 790 2896 863 Theobal-

788 914 964 988 dum
996 928 1147 984 tam
1183 911 1383 1006 regni
1416 910 1795 1009 optimates
1837 930 2056 1004 quam
2096 904 2403 1002 religiosi
2435 906 2569 979 viri
2607 931 2899 1005 operam

786 1025 1370 1117 commodarent,
1402 1027 1597 1123 justo
1634 1047 1886 1096 eorum
1929 1022 2284 1113 arbitrio',
2330 1023 2456 1119 qui
2495 1036 2746 1093 contra
2783 1048 2895 1095 re-

788 1166 1009 1237 gnum
1049 1141 1533 1238 conspirantes
1574 1137 1669 1211 ad
1723 1138 2180 1236 propriarum
2223 1144 2244 1178 ³
2284 1138 2897 1232 recuperationem

788 1256 1239 1352 querelarum
1278 1272 1425 1328 tam
1465 1277 1705 1351 regem
1741 1251 2001 1347 Angliae
2031 1276 2252 1350 quam
2299 1252 2642 1324 comitem
2672 1250 2897 1323 Theo-

787 1370 1086 1459 baldum
1130 1371 1640 1469 obligaverant,
1695 1392 1948 1464 guerra
1999 1370 2433 1466 consumpti,
2484 1394 2660 1467 pace
2718 1368 2896 1443 nihil

783 1486 1167 1579 lucrantes,
1212 1488 1385 1586 quid
1440 1487 1735 1560 fecerint
1776 1486 1985 1583 digna
2026 1484 2318 1557 tandem
2351 1486 2702 1556 sententia
2743 1487 2895 1557 ani-

786 1603 1248 1676 madvertunt
1286 1630 1302 1675 2
1360 1629 1527 1676 cum
1560 1605 1980 1677 Lancelinus
2031 1625 2272 1673 comes
2319 1601 2585 1671 Domni
2615 1601 2901 1672 Martini

787 1718 1151 1815 querelam
1176 1719 1608 1791 Belvaceusis
1649 1719 2047 1793 conductus
2082 1716 2235 1788 sine
2273 1739 2398 1813 spe
2431 1716 2900 1814 recuperandi

787 1832 1139 1927 amiserit3
1197 1838 1514 1930 Paganus
1562 1835 1657 1907 de
1703 1839 1944 1906 Monte
1974 1833 2178 1923 Gaio,
2225 1830 2514 1929 querela
2543 1833 2754 1903 castri
2795 1833 2902 1903 Li-

788 1948 1036 2020 vriaci‘
1066 1948 1429 2047 deceptuS,
1469 1974 1637 2022 cum
1671 1975 1817 2022 uno
1850 1972 2102 2021 mense
2129 1946 2324 2019 idem
2357 1962 2668 2019 castrum
2699 1947 2902 2020 clau-

785 2087 949 2136 sura
992 2063 1337 2151 dirutum,
1394 2080 1732 2161 sequente
1790 2089 1963 2136 vero
2013 2061 2244 2134 multo
2307 2062 2558 2134 fortius
2603 2064 2904 2161 pecunia

785 2178 974 2274 regis
1012 2180 1279 2275 Anglici
1312 2180 1718 2252 restitutum
1745 2176 2299 2279 praecordialiter
2342 2175 2690 2269 doluerit;
2733 2178 2905 2251 Milo

790 2317 956 2366 vero
992 2293 1085 2367 de
1118 2298 1361 2368 Monte
1411 2296 1690 2367 Leherii
1721 2294 2200 2391 gratissimum
2227 2290 2320 2365 de
2351 2317 2596 2365 sorore
2621 2293 2905 2366 comitis

785 2410 1198 2506 conjugium
1224 2412 1596 2483 occasione
1628 2410 2010 2510 parentelae
2031 2407 2287 2480 dolens
2318 2423 2390 2481 et
2415 2409 2908 2505 gemebundus

782 2522 1173 2624 amis[er]it,
1234 2551 1367 2598 nec
1432 2542 1579 2599 tam
1625 2525 1925 2599 honoris
1971 2538 2042 2597 et
2078 2522 2313 2619 gaudii
2364 2526 2438 2596 in
2497 2526 2907 2623 receptione

785 2654 1135 2737 quantum
1180 2644 1251 2712 in
1293 2642 1603 2715 divortio
1649 2640 2260 2715 dehonestationis
2311 2656 2381 2711 et
2423 2642 2720 2713 tristitiae
2746 2666 2904 2713 sus-

784 2754 1126 2856 cep[er]it.
1148 2756 1361 2846 Quod
1385 2757 1680 2855 quidem
1700 2757 1974 2853 egregie
1991 2756 2260 2828 factum
2278 2756 2604 2828 virorum
2632 2757 2908 2852 judicio

786 2896 869 2943 ex
918 2897 999 2944 ea
1026 2897 1385 2945 canonum
1444 2876 1862 2946 auctoritate
1912 2886 2354 2972 assumptum
2408 2888 2538 2967 est,
2575 2873 2704 2946 ubi
2752 2873 2906 2945 haec

786 2984 1091 3058 habetur
1114 2988 1462 3060 sententia
1500 3016 1515 3059 t
1555 2987 2032 3086 Obligacc’ones
2063 3004 2310 3059 contra
2330 3012 2584 3085 pacem
2623 2990 2700 3060 in
2723 2991 2905 3059 irri-

786 3115 935 3171 tam
978 3104 1267 3173 omnino
1298 3101 1794 3173 reducantur-⁸.

878 3218 1127 3288 XXIII.
1168 3217 1351 3305 Quia
1402 3217 1782 3292 fortissima
1828 3244 2080 3314 regum
2121 3218 2435 3311 dextera,
2484 3218 2705 3292 officii
2741 3220 2906 3317 jure

864 3416 893 3471 1
910 3454 925 3471 .
947 3409 1249 3490 Reliquam
1271 3408 1444 3491 hujus
1466 3412 1661 3493 operis
1692 3426 1938 3494 partem,
1970 3414 2236 3493 capitulis
2267 3434 2555 3487 mancam,
2579 3415 2746 3489 juxta
2769 3436 2905 3475 ma-

783 3502 1211 3584 nuscriptorum
1235 3506 1502 3567 codicum
1528 3520 1589 3568 et
1612 3508 1931 3587 praesertim
1955 3507 2170 3567 codicis
2201 3512 2316 3569 543
2345 3508 2722 3569 indicationes
2757 3510 2910 3570 divi-

784 3594 1032 3656 dendam
1059 3598 1407 3663 curavimus.

866 3694 927 3754 2,
957 3694 1352 3765 Justojzadicio
1379 3695 1518 3766 543,
1550 3696 1730 3767 5925,
1764 3696 1941 3755 6265.

866 3785 928 3841 3.
958 3786 1255 3859 Propriam
1281 3789 1421 3858 135,
1458 3788 1615 3845 5925
1639 3797 1698 3846 et
1724 3787 1862 3847 edd.
1895 3789 2094 3849 Germ.
2123 3806 2191 3845 ac
2224 3786 2432 3847 Chesn.

867 3878 927 3934 4.
964 3879 1177 3934 Lim-ici
1216 3878 1775 3940 12710.—L1'0rac1'
1821 3884 1938 3941 135
1965 3892 2027 3939 et
2058 3881 2154 3939 ed.
2196 3879 2407 3942 Chesn.
2427 3914 2510 3927 —
2531 3883 2693 3942 Nunc
2732 3890 2911 3957 Lino·

788 3966 1091 4049 (Seiae-et·
1100 3970 1281 4050 Oise).

866 4067 926 4123 5.
957 4065 1323 4123 Deducantur
1348 4068 1486 4139 135,
1503 4077 1561 4124 et
1582 4066 1719 4127 edd.
1746 4068 1945 4129 Germ.
1975 4088 2045 4127 ae
2071 4068 2366 4129 chesn.—
2390 4074 2560 4128 Anno
2591 4071 2743 4130 1113
2785 4088 2907 4151 pax

784 4152 884 4214 illa
920 4154 1072 4215 inter
1106 4176 1302 4235 regem
1344 4156 1601 4215 Frauciae
1619 4202 1637 4230 ‚
1673 4178 1865 4236 regem
1913 4160 2131 4238 Angliae
2166 4174 2225 4222 et
2264 4160 2531 4222 comitem
2576 4162 2902 4223 Blesensem

786 4258 927 4311 nuta
954 4262 1061 4311 est.
