3275 5317
930 624 1055 681 vm
1094 624 1195 681 DE
1233 622 1455 681 Loms
1493 626 1587 682 LE
1630 622 1849 682 GROS.
2323 631 2439 689 137

326 770 589 853 ptuoso
618 752 985 846 donativo,
1016 753 1217 851 quod
1238 754 1761 853 presbyterium
1783 756 2222 850 nominatur,
2249 760 2439 833 cele-

326 870 563 959 brata,
580 868 1059 942 venerandam
1076 872 1367 943 Domini
1403 870 1938 944 crucifixionem
1961 876 2379 947 venerando
2409 879 2429 916 ¹

323 999 776 1086 prosequtuS,
809 986 1263 1059 sanctissimae
1288 987 1850 1060 Resurrectionis
1878 988 2150 1085 vigilias
2163 990 2440 1063 honore

326 1101 577 1174 debito
609 1102 1078 1200 pernoctavit.
1126 1104 1426 1174 Summo
1452 1128 1663 1175 mane
1693 1128 1867 1177 vero
1902 1104 2290 1179 extrinseca
2327 1106 2442 1177 via

328 1216 419 1288 ad
456 1217 825 1290 ecclesiam
860 1220 1248 1314 Martyrum
1276 1219 1353 1289 in
1396 1232 1637 1306 strata,
1677 1243 1844 1291 cum
1877 1220 2110 1292 multo
2149 1219 2442 1293 collate-

328 1331 589 1404 ralium
618 1331 943 1431 collegio,
971 1332 1171 1430 quasi
1194 1348 1463 1405 secreto
1485 1334 1944 1425 commeavit,
1973 1334 2217 1433 ibique
2234 1362 2441 1410 more

330 1470 634 1519 romano
684 1448 955 1544 seipsos
1005 1464 1503 1546 praeparanteS,
1554 1450 1788 1521 multo
1837 1463 1908 1520 et
1969 1449 2280 1522 mirabili
2330 1474 2444 1523 or·

328 1578 502 1635 natu
535 1562 1087 1652 circumdanteS,
1136 1564 1353 1662 capiti
1406 1564 1467 1661 ej
1478 1590 1557 1637 us
1592 1564 1908 1661 frigium,
1939 1582 2444 1641 ornamentum

334 1676 735 1773 imperiale,
760 1678 985 1749 instar
1022 1677 1234 1773 galeae
1268 1678 1539 1751 circulo
1578 1703 1798 1752 aureo
1825 1680 2276 1771 circinatum,
2306 1682 2444 1753 im-

328 1808 637 1891 ponunt,
686 1790 852 1866 albo
896 1808 967 1865 et
1013 1792 1303 1891 palliato
1357 1818 1545 1891 equo
1598 1794 2026 1868 insidentem
2080 1796 2397 1869 educunt
2413 1820 2437 1888 3

331 1906 472 2005 ipsi
501 1909 716 1978 etiam
753 1906 1018 2005 palliati
1044 1932 1271 2005 equos
1300 1908 1483 1981 albis
1514 1910 1874 2008 operturis
1906 1911 2214 1984 variatos
2237 1911 2440 2007 equi-

332 2036 599 2111 tantes,
640 2022 814 2095 odas
844 2024 1297 2122 personando
1337 2025 1579 2097 festive
1615 2026 1950 2122 geminati
1979 2026 2440 2124 procedunt¹.

336 2142 645 2209 Barones
676 2162 843 2210 vero
876 2138 1183 2211 ecclesiae
1206 2155 1467 2212 nostrae
1493 2140 1762 2213 feodati
1801 2156 1876 2213 et
1911 2140 2278 2213 castellani
2309 2165 2446 2212 no-

333 2250 539 2342 bilem,
582 2268 915 2326 stratores
964 2254 1376 2341 humillimi,
1430 2254 1739 2353 pedites⁸
1789 2280 1957 2328 eum
2009 2256 2449 2351 equitantem

332 2367 539 2441 freno
585 2368 1063 2443 deducebant.
1121 2368 1433 2457 Quidam
1484 2371 1701 2441 etiam
1751 2370 2028 2467 praevii⁴
2080 2368 2451 2468 copiosam

330 2500 725 2576 monetam,
766 2499 847 2556 ut
878 2483 1171 2556 turbam
1196 2484 1713 2582 impedientem
1735 2497 2211 2575 removerent,
2241 2484 2446 2581 jacti-

335 2600 606 2670 tabant.
654 2602 787 2669 Via
820 2613 1063 2670 autem
1094 2600 1282 2693 regia
1314 2613 1387 2670 et
1434 2597 1772 2671 salicibus
1803 2614 1874 2670 et
1906 2598 2064 2670 fixis
2088 2598 2446 2697 stipitibus

328 2713 673 2809 preciosis
704 2710 939 2809 palliis
968 2712 1325 2785 rutilabat.
1356 2714 1541 2791 Cum
1557 2715 1832 2786 autem⁸
1851 2727 1923 2785 et
1945 2714 2212 2785 militiae
2240 2714 2451 2786 cunei

334 2842 408 2898 et
435 2826 685 2925 populi
716 2826 925 2898 multi
955 2850 1339 2899 concursus
1358 2828 1424 2899 ei
1441 2818 1985 2901 honoratissime
2012 2843 2442 2920 occurreret,

331 2966 469 3013 nec
480 2942 697 3015 etiam
716 2942 867 3040 ipsa
893 2948 929 3014 J
935 2942 1302 3015 udaeorum
1334 2944 1830 3016 Parisiensium
1863 2958 2200 3017 excaecata
2225 2944 2452 3017 defuit

332 3082 709 3153 synagoga,
752 3082 913 3154 quae
944 3058 1116 3151 legis
1147 3057 1484 3151 litteram,
1510 3058 1821 3132 rotulam
1847 3060 2114 3131 scilicet
2142 3060 2448 3132 velatam

334 3173 673 3261 offerens,
710 3172 803 3243 ab
835 3198 959 3245 ore
982 3174 1135 3271 ejus
1166 3172 1349 3245 hanc
1368 3174 1876 3247 misericordiae
1902 3190 1972 3246 et
2004 3176 2283 3274 pietatis
2315 3176 2448 3247 ob·

332 3289 509 3359 tinet
540 3288 1139 3385 supplicationem
1169 3316 1183 3359 :
1232 3320 1267 3357 «
1294 3289 1581 3361 Auferat
1610 3294 1802 3361 Deus
1836 3292 2296 3388 omnipotens
2323 3314 2446 3362 ve-

340 3433 373 3469 α
407 3402 645 3475 lamen
676 3428 719 3473 a
747 3402 1087 3475 cordibus
1120 3404 1392 3477 vestris,
1413 3436 1449 3472 >2
1498 3405 1925 3477 Perveniens
1955 3430 2128 3477 vero
2158 3406 2250 3477 ad
2274 3409 2450 3475 San-

336 3532 617 3590 ctorum
658 3518 1051 3607 basilicam,
1101 3518 1387 3591 coronis
1428 3522 1664 3592 aureis
1695 3520 2134 3609 rutilantem,
2181 3519 2452 3613 argenti

336 3648 409 3705 et
439 3632 601 3732 plus
632 3635 898 3705 centies
914 3634 1069 3704 auri
1092 3636 1575 3731 preciosarum
1604 3658 2052 3729 gemmarum
2081 3648 2153 3704 et
2177 3656 2454 3727 marga-

335 3748 640 3819 ritarum
704 3746 1088 3845 splendore
1143 3748 1647 3843 fulgurantem,
1688 3748 1928 3821 divina
1966 3745 2206 3819 divine
2257 3748 2448 3819 cele-

336 3859 582 3955 brans,
609 3862 771 3958 agni
803 3863 952 3934 veri
986 3862 1332 3958 paschalis
1358 3863 1682 3935 victimas
1708 3862 2206 3936 sacratissimas
2239 3862 2448 3935 nobis

420 4148 478 4205 1.
513 4149 842 4205 Vener-ande
868 4148 1051 4211 6265.
1092 4180 1171 4198 --
1206 4151 1265 4207 2.
1293 4150 1622 4208 Proecedunt
1651 4152 1869 4211 ¹2710.

419 4240 475 4299 3.
502 4242 687 4299 Pedes
712 4244 853 4315 543,
891 4246 1071 4317 5925,
1099 4246 1319 4305 12710.
1348 4274 1429 4288 --
1454 4242 1612 4302 Alias
1628 4247 1878 4320 pedites.

416 4336 479 4394 4.
508 4338 713 4405 Privii,
744 4336 1039 4409 mendose,
1069 4340 1288 4397 12710.
1306 4368 1383 4383 --
1404 4340 1461 4397 5.
1494 4340 1696 4395 Autem
1724 4336 1884 4396 deest
1909 4335 1971 4397 in
1996 4334 2130 4398 cod.
2151 4340 2330 4398 6265.
