3275 5317
1189 595 1523 655 LE‘rrRES.
2287 598 2393 655 281

286 726 685 824 significare
721 724 1015 823 dignum
1044 724 1246 819 duxi,
1276 728 1350 799 in
1380 726 1573 799 bona
1614 750 1740 827 spe
1776 741 1848 800 et
1873 726 2066 801 bona
2100 726 2241 801 fide
2267 730 2400 801 Dei

290 842 887 931 misericordiam,
920 866 1139 939 quam
1180 866 1552 940 nunquam
1583 843 1660 913 in
1696 867 1771 915 se
1807 842 2254 942 sperantibus
2275 842 2397 917 de-

288 974 533 1055 negat,
588 972 740 1031 tota
789 956 1025 1029 cordis
1068 958 1461 1029 intentione
1502 958 1999 1056 praestolando.
2056 959 2403 1033 Mirantur

292 1074 647 1172 siquidem
674 1097 927 1145 omnes
952 1072 1151 1170 quod
1187 1087 1417 1163 tanto,
1458 1088 1607 1145 tam
1653 1073 1872 1169 longo
1909 1073 2162 1146 dolore
2207 1077 2404 1147 attri-

294 1203 413 1259 tus
441 1188 973 1286 supervixerim,
1009 1187 1487 1259 existimantes
1511 1186 1654 1259 hoc
1697 1212 1784 1259 ex
1831 1186 2086 1260 divinae
2119 1188 2402 1286 pietatis

292 1302 663 1398 largitione
692 1327 863 1374 meae
888 1303 1219 1401 parvitati
1253 1302 1694 1401 impertitum
1723 1326 1901 1393 esse,
1939 1318 2022 1375 ut
2051 1326 2216 1375 cum
2247 1317 2402 1377 tan-

300 1434 453 1489 tum
498 1417 897 1516 poenitendi
947 1419 1255 1515 spatium
1316 1416 1734 1509 habuerim,
1790 1442 2019 1490 annos
2071 1443 2270 1491 meos
2327 1420 2400 1491 in

292 1533 769 1607 amaritudine
782 1533 1035 1605 animae
1056 1558 1227 1605 meae
1240 1535 1649 1629 recogitem,
1670 1549 1742 1605 et
1758 1532 1930 1606 mihi
1956 1535 2395 1632 provideam.

290 1652 378 1719 In
407 1662 606 1721 tanto
636 1649 901 1721 etenim
934 1648 1213 1722 honore
1238 1650 1537 1749 posituS‚
1562 1649 1830 1747 absque
1853 1648 2131 1723 multis‘
2167 1651 2404 1725 vivere

290 1788 445 1836 non
467 1764 699 1862 potui.

394 1884 781 1952 Personam
836 1894 1077 1954 autem
1123 1895 1431 1954 vestram
1489 1896 1561 1953 et
1610 1904 1932 1979 personae
1977 1882 2406 1981 prosperita-

296 2010 445 2067 tem
472 2011 543 2067 et
566 1997 763 2091 regni
792 2012 1055 2069 statum
1078 1998 1387 2069 Domino
1400 2001 1553 2069 Deo
1568 1998 1906 2069 attentius
1932 1998 2364 2071 commendo
2376 2022 2400 2091 3

294 2122 367 2180 et
414 2124 497 2181 ut
539 2109 729 2183 inter
764 2112 1003 2185 felices
1049 2137 1247 2209 reges
1294 2136 1640 2185 coronam
1674 2112 1906 2208 gloriae
1947 2128 2222 2185 aeternae
2269 2115 2404 2184 im-

292 2226 856 2300 marcescibilem
906 2229 1311 2318 obtineatiS‚
1366 2252 1510 2326 qua
1553 2252 1846 2325 possum
1889 2251 2101 2326 prece
2154 2227 2408 2300 divinae

291 2341 541 2437 pietati
586 2343 933 2441 supplico.
982 2348 1063 2415 In
1098 2343 1437 2415 omnibus
1475 2367 1674 2432 vero,
1707 2357 1780 2414 et
1812 2342 1998 2435 inter
2034 2344 2307 2431 omnia,
2339 2357 2410 2414 et

295 2469 466 2527 ante
506 2458 777 2549 omnia,
820 2484 955 2558 pro
1002 2458 1229 2531 nobili
1278 2458 1569 2531 ecclesia
1627 2457 1820 2529 Beati
1854 2458 2212 2557 Dionysii,
2253 2484 2410 2556 quae

293 2571 601 2643 maxima
626 2574 828 2670 regni
854 2588 924 2646 et
950 2598 1235 2646 coronae
1264 2586 1511 2646 vestrae
1536 2572 1775 2672 portio
1800 2586 1930 2661 est,
1964 2572 2409 2645 nobilitatem

294 2702 607 2759 vestram
645 2691 982 2761 attentius
1032 2690 1402 2787 deprecor,
1448 2704 1530 2761 ut
1572 2712 1733 2759 eam
1784 2703 2126 2785 tanquam
2173 2688 2410 2761 bonus

292 2802 631 2875 dominus
656 2819 728 2876 et
754 2806 913 2901 pius
936 2805 1229 2878 foveatis
1250 2820 1321 2876 et
1357 2804 1903 2895 manuteneatiS,
1945 2819 2015 2876 et
2043 2805 2109 2875 ei
2132 2804 2409 2876 consilii

292 2932 363 2989 et
409 2918 649 2990 auxilii
688 2946 983 2992 manum
1033 2921 1427 3018 porrigatis.
1474 2920 1878 2992 Meminerit
1917 2922 2124 3015 regiae
2165 2922 2410 3019 majes-

296 3035 461 3105 tatis
482 3035 831 3107 celsitudo
856 3036 1225 3133 quomodo
1239 3034 1521 3131 juvenis
1550 3035 1641 3106 de
1671 3049 1859 3107 terra
1885 3050 2114 3107 vestra
2141 3036 2404 3126 existiS,

292 3147 539 3221 nobile
564 3175 864 3246 regnum
890 3156 1326 3223 Francorum
1349 3151 1423 3221 in
1449 3174 1673 3222 manu
1699 3150 2024 3223 Ecclesiae
2049 3151 2182 3223 Dei
2206 3148 2412 3223 dimi-

294 3264 510 3352 sistis,
539 3290 671 3363 per
693 3281 802 3338 tot
825 3266 1137 3364 pericula
1170 3280 1243 3337 et
1272 3280 1538 3337 mortes
1568 3264 1941 3337 ecclesiam
1963 3265 2404 3338 Orientalem

290 3380 625 3452 visitastis
662 3409 679 3453 :
711 3379 977 3472 videte,
1013 3396 1300 3479 pensate
1343 3404 1435 3452 ne
1476 3393 1754 3451 tantum
1779 3379 2104 3453 laborem
2129 3384 2411 3453 amitta-

296 3498 426 3588 tis;
456 3497 727 3593 diligite
750 3498 1136 3570 Ecclesiam
1156 3496 1311 3585 Dei,
1336 3496 1649 3596 pupillos
1660 3510 1731 3568 et
1748 3495 1995 3569 viduas
2013 3495 2404 3589 defendite,

296 3628 373 3684 et
417 3614 517 3685 sic
548 3628 799 3685 contra
844 3638 1137 3685 omnem
1191 3626 1611 3711 potestatem
1663 3626 1810 3682 tam
1856 3635 2138 3683 aeream
2187 3634 2408 3708 quam

298 3727 765 3819 mundanam,
796 3744 869 3800 et
895 3740 1143 3800 eontra
1168 3727 1588 3801 aemulorum
1618 3725 1908 3799 insidias
1935 3750 2118 3823 quos
2144 3724 2411 3798 multos

294 3841 607 3934 hahetiS,
638 3846 793 3915 Deo
822 3844 1226 3934 auxiliante,
1273 3845 1595 3941 poteritis
1634 3843 1983 3914 resistere.
2037 3846 2190 3913 Hoc
2219 3843 2408 3914 enim

298 3971 408 4028 est
451 3982 694 4029 meum
739 3958 1137 4031 consilium.
2367 3944 2372 3951 ⁵

404 4076 601 4144 Hanc
642 4073 1013 4171 epistolam
1034 4126 1055 4165 ‚
1104 4075 1272 4171 quia
1314 4098 1427 4145 me
1471 4097 1617 4144 non
1671 4073 1990 4171 potestiS,
2038 4071 2411 4146 vobiscum

381 4325 407 4379 1
426 4363 443 4381 .
482 4324 718 4379 Delie-tis
750 4321 1029 4395 adjiciunt
1054 4322 1350 4382 Benedict.
