3275 5317
864 614 980 671 194
1288 610 1619 669 oeuvnns
1659 592 2086 667 courm‘ms
2125 608 2226 664 nn
2267 607 2538 668 suom.

862 742 1106 815 videre
1142 740 1442 833 valeant,
1484 739 1942 835 circumcingi
1988 738 2313 812 fecimus.
2345 740 2784 813 Eorumdem
2813 764 2988 811 vero

861 874 1277 932 sanctorum
1310 856 1755 929 tumulorum
1785 856 1866 927 hi
1891 870 2058 927 sunt
2081 878 2334 929 versus
2367 881 2386 927 z

1016 1070 1357 1129 Sanctorum
1378 1064 1601 1127 cineres
1624 1065 1726 1127 ubi
1755 1064 1986 1124 coelicus
2011 1063 2256 1123 excubat
2277 1064 2451 1141 ordo,

1016 1164 1186 1225 Plebs
1208 1177 1374 1245 rogat
1401 1176 1459 1223 et
1487 1163 1683 1243 plorat
1697 1214 1713 1241 ,
1741 1162 1927 1222 clerus
1955 1160 2112 1221 canit
2133 1160 2194 1219 in
2223 1158 2608 1231 decachordo,

1016 1262 1327 1344 Spiritibus
1350 1281 1600 1343 quorum
1628 1262 1956 1321 reseruntur
1984 1272 2120 1319 vota
2145 1258 2375 1340 piorum
2406 1282 2424 1333 3

916 1374 933 1385 ·’
1014 1360 1271 1437 Cumque
1294 1356 1525 1438 placent
1548 1355 1686 1428 inis,
1718 1354 1867 1414 mala
1895 1355 2298 1414 condonantur
2319 1372 2540 1414 eorum.

1014 1454 1277 1532 Corpora
1304 1464 1635 1510 sanctorum
1653 1459 1786 1508 sunt
1807 1447 1904 1507 hic
1931 1447 2158 1527 inpaoe
2185 1447 2431 1526 sepulta,

1015 1546 1130 1623 Qui
1156 1559 1287 1625 post
1316 1565 1377 1605 se
1403 1545 1632 1624 rapiant
1658 1562 1766 1603 nos
1789 1554 2024 1603 orantes
2043 1561 2218 1621 prece
2244 1540 2448 1601 multa.

1015 1640 1126 1701 Hic
1146 1640 1306 1701 locus
1336 1638 1632 1719 egregium
1663 1636 2030 1698 venientibus
2053 1646 2218 1697 extat¹
2231 1636 2484 1715 asylum3

1094 1734 1206 1795 nic
1230 1734 1363 1815 fuga
1395 1745 1515 1793 tuta
1540 1732 1678 1805 reis,
1707 1730 1968 1815 subjacet
1990 1729 2146 1791 ultor
2169 1731 2278 1793 eis.

1366 1976 1486 2044 XX
1495 1975 1654 2045 XII.
1689 1976 1800 2043 De
1824 1971 2044 2045 Cruci
2153 1996 2196 2041 o
2225 1996 2469 2043 aureo.

952 2178 1409 2254 Adorandam
1428 2176 1784 2249 vivificam
1816 2200 2132 2267 crucem,
2173 2190 2449 2248 aeternae
2481 2174 2794 2247 victoriae
2821 2176 2970 2247 Sal-

860 2296 1123 2370 vatoris
1201 2293 1431 2366 nostri
1502 2291 1844 2364 vexillum
1895 2291 2378 2381 salutiferum,
2443 2288 2535 2363 de
2597 2316 2746 2389 quo
2800 2290 2972 2363 dicit

856 2409 1236 2511 Apostolus
1291 2437 1308 2481 :
1361 2408 1539 2479 Mihi
1584 2434 1679 2479 aa
1687 2425 1825 2481 tem
1879 2406 2064 2479 absit
2099 2407 2415 2505 gloriari
2455 2408 2604 2478 nesi
2641 2409 2719 2477 in
2769 2432 2970 2479 cruce

863 2528 1153 2599 Domini
1173 2526 1503 2597 mez'Jesu
1534 2523 1871 2616 Che-istiu
1908 2538 2180 2621 quanto
2218 2522 2613 2618 gloriosum
2643 2547 2790 2595 non
2829 2536 2972 2594 tan-

856 2658 1011 2715 tum
1041 2638 1458 2714 hominibus
1484 2653 1842 2736 quantum
1883 2638 2099 2711 etiam
2145 2638 2315 2738 ipsis
2350 2636 2642 2737 angeliS,
2679 2638 2807 2710 filii
2843 2638 2972 2709 ho·

854 2758 1068 2831 minis
1099 2758 1381 2852 signum
1406 2779 1756 2853 apparens
1787 2754 1864 2825 in
1896 2754 2232 2826 extremis
2255 2755 2328 2826 in
2362 2754 2574 2845 coelo‚
2605 2770 2806 2827 tanto
2827 2754 2970 2851 glo-

856 2873 1113 2946 riosius
1152 2886 1493 2944 ornatum
1524 2870 1611 2941 iri
1638 2884 1790 2942 tota
1819 2870 2082 2941 mentis
2111 2870 2496 2943 devotione
2523 2870 2583 2943 si
2609 2896 2974 2969 possemus

854 2988 1351 3076 inniteremur,
1387 2986 1652 3083 jugiter
1682 3010 1844 3057 eam
1875 3010 2045 3057 cum
2085 2985 2409 3085 apostolo
2462 2986 2762 3059 Andraea
2791 2986 2974 3059 salu·

770 3090 787 3117 ⁸
854 3116 1081 3174 tantes
1119 3129 1136 3172 :
1182 3130 1221 3169 <t
1258 3098 1462 3173 Salve
1493 3126 1696 3194 crux,
1733 3126 1891 3197 quae
1914 3101 1988 3172 in
2022 3124 2322 3199 corpore
2355 3098 2622 3173 Christi
2650 3100 2978 3174 dedicata

854 3242 959 3309 οε,
996 3232 1068 3289 et
1111 3240 1195 3288 ex
1243 3214 1591 3287 membris
1625 3216 1777 3313 ejus
1814 3232 2160 3315 tanquam
2190 3215 2592 3313 margaritis
2622 3231 2895 3288 ornata.
2933 3247 2970 3282 x·

861 3337 1125 3407 Verum
1157 3331 1326 3429 quia
1358 3332 1541 3405 sicut
1564 3331 1924 3405 voluimus
1955 3357 2101 3405 non
2136 3333 2531 3433 potuimus,
2574 3356 2798 3431 quam
2831 3358 2978 3405 me·

854 3450 991 3523 lius
1012 3449 1383 3551 potuimus
1412 3448 1795 3537 volnimm,
1833 3464 1905 3521 et
1935 3448 2280 3548 perficere
2310 3452 2465 3522 Deo
2489 3448 2812 3522 donante
2841 3450 2978 3521 ela·

853 3565 1297 3639 horavimus.
1334 3564 1515 3635 Hinc
1546 3578 1653 3634 est
1684 3560 1884 3661 quod
1907 3564 2395 3663 preciosarum
2435 3564 2976 3660 margaritarum

856 3705 1445 3778 gemmarumque
1487 3680 1771 3778 copiam
1808 3680 2366 3778 circumquaque
2404 3704 2536 3778 per
2572 3704 2708 3752 nos
2745 3696 2818 3752 et
2847 3706 2977 3779 per

851 3800 1153 3869 nuncios
1204 3809 1490 3867 nostros
1546 3794 2023 3892 quaeritanteS‚
2062 3820 2279 3892 quam
2339 3795 2845 3893 preciosiorem
2895 3797 2970 3867 in

852 3936 1030 3985 auro
1054 3927 1125 3984 et
1150 3912 1448 4008 gemmis
1468 3924 1670 3983 tanto
1703 3912 1987 3983 ornatui
2009 3912 2382 3984 materiam
2403 3912 2724 3985 invenire
2739 3914 2976 4011 potui-

852 4052 1015 4101 mus
1040 4024 1534 4127 praeparandO,
1569 4026 1876 4099 artifices
1905 4028 2280 4126 peritiores
2304 4028 2397 4100 de
2430 4027 2726 4100 diversis
2755 4029 2970 4126 parti·

932 4246 991 4300 1.
1038 4238 1197 4299 Pauli
1245 4251 1435 4319 apost.
1486 4239 1563 4297 ad
1597 4238 1859 4313 Galatas,
1907 4258 1991 4314 vt,
2037 4242 2139 4301 14.
2183 4270 2264 4289 —
2299 4242 2532 4298 Domini
2577 4248 2756 4300 nostri
2791 4246 2970 4301 lesu-

857 4334 1068 4393 Christi
1090 4333 1182 4391 ed.
1212 4331 1451 4409 Chesn„
1488 4342 1553 4393 ut
1578 4331 1704 4413 ipse
1738 4332 1902 4393 Pauli
1929 4342 2142 4393 textus·
