3275 5317
1172 548 1295 605 vm
1334 548 1435 604 DE
1474 546 1745 606 sUGER„
2392 554 2502 614 381

398 706 433 745 α
488 677 587 749 tia
635 676 854 750 rebus
899 678 1302 776 imponenS,
1344 678 1476 749 toti
1517 702 1591 749 se
1630 678 1946 751 inserens
1989 680 2287 772 mundo,
2331 698 2404 756 et
2433 684 2508 757 in

394 822 428 861 α
486 818 739 866 omnes
782 808 983 867 actus
1032 794 1185 889 ejus
1223 794 1904 892 contemplationem
1945 820 2144 867 suam
2191 796 2504 892 mittens,

393 938 429 977 u
486 908 1009 1005 pulcherrimus
1030 933 1197 982 cum
1225 909 1512 1002 decore,
1540 934 1706 981 cum
1727 908 1994 981 viribus
2021 935 2234 983 sanus
2259 936 2342 983 ac
2373 914 2508 986 sic-

396 1054 431 1089 «
485 1048 642 1114 cus»,
678 1022 1263 1125 imperturbatus,
1284 1022 1708 1122 intrepiduS,
1733 1049 1950 1122 quem
1971 1025 2170 1098 nulla
2191 1028 2298 1099 vis
2324 1028 2508 1101 fran-

393 1171 429 1209 «
486 1164 675 1235 gere,
704 1165 921 1237 quem
950 1166 1083 1213 nec
1104 1139 1431 1213 attollere
1454 1140 1748 1213 fortuita
1768 1157 2084 1239 possent,
2102 1166 2238 1215 nec
2265 1143 2502 1243 depri-

389 1286 425 1323 ιι
484 1280 706 1328 mere.
767 1288 803 1323 ιο
853 1257 990 1327 Hic
1029 1256 1351 1355 profecto
1398 1254 1585 1328 illius
1632 1270 1784 1327 erat
1817 1258 2118 1331 animus.
2160 1260 2506 1348 Quotiens

382 1372 495 1443 vir
520 1370 837 1444 sincerus
874 1396 959 1445 ac
986 1396 1211 1471 purus
1240 1386 1313 1445 et
1340 1372 1612 1443 curiam
1645 1388 1942 1445 conatus
1981 1387 2088 1446 est
2116 1388 2186 1447 et
2213 1400 2502 1448 omnem

381 1486 1077 1559 administrationem
1118 1486 1547 1584 relinquere,
1589 1502 1674 1558 ut
1700 1487 1795 1559 ad
1821 1488 2172 1585 ampliora
2213 1489 2500 1564 secede-

381 1610 492 1669 ret
533 1624 549 1667 :
586 1595 713 1669 sed
746 1611 819 1669 et
848 1620 1001 1689 sua,
1046 1620 1206 1695 quae
1237 1596 1433 1669 hunc
1474 1597 1552 1668 in
1589 1596 1814 1669 altum
1847 1598 2163 1688 miserat,
2209 1600 2504 1673 felicitas

378 1738 525 1787 non
546 1715 897 1813 permisit,
926 1738 1059 1786 nec
1082 1738 1247 1787 eum
1273 1738 1478 1814 passa
1505 1728 1614 1786 est
1634 1714 1814 1785 intra
1844 1714 2186 1787 natalium
2211 1740 2503 1789 suorum

378 1828 685 1902 modum
718 1852 1117 1921 senescere3
1158 1828 1360 1926 quod
1398 1826 1558 1920 sibi,
1601 1843 1686 1901 ut
1721 1827 2099 1921 fatebatur,
2130 1833 2502 1929 contigisse

376 1943 763 2018 maluisset.

478 2060 613 2131 Cui
661 2085 828 2132 cum
872 2061 1233 2159 praecipua
1282 2060 1483 2155 regni
1530 2058 2033 2133 incumberent
2076 2061 2361 2157 negotia
2383 2114 2404 2151 ,
2457 2087 2502 2136 a

376 2172 577 2246 cultu
610 2188 849 2247 tamen
878 2176 1128 2247 divino
1154 2198 1556 2272 numquam
1583 2174 1788 2247 illum
1820 2176 2196 2273 occupatio
2219 2176 2331 2248 vel
2362 2200 2498 2275 pu-

372 2286 561 2361 blica
594 2289 709 2363 vel
762 2291 1035 2389 privata
1073 2291 1384 2363 retraxit.
1436 2292 1599 2363 Sive
1651 2291 1842 2363 enim
1901 2290 2204 2363 fratrum
2253 2292 2500 2389 synaxi

370 2404 745 2478 interesset
764 2460 783 2497 ,
822 2429 946 2478 seu
978 2430 1145 2477 cum
1187 2403 1599 2479 domesticis
1643 2430 1825 2505 opus
1870 2405 2265 2479 celebraret
2313 2406 2496 2481 divi-

370 2544 578 2609 num,
631 2544 809 2610 non,
842 2534 923 2591 ut
962 2518 1393 2617 quibusdam
1418 2520 1639 2591 moris
1674 2534 1807 2612 est,
1836 2520 2094 2591 tacitus
2113 2518 2497 2619 psallentes

372 2633 744 2726 audiebat,
774 2633 902 2707 sed
928 2634 1024 2707 ad
1046 2634 1495 2734 psallendum
1523 2636 1674 2733 ipse
1693 2634 1802 2707 vel
1815 2633 2200 2730 legendum
2218 2658 2499 2733 semper

368 2766 520 2821 erat
559 2750 1163 2848 promptissimus.
1223 2749 1581 2847 Quodque
1628 2751 1882 2847 saepius
1920 2750 1994 2821 in
2041 2748 2164 2821 illo
2199 2750 2496 2822 miratus

370 2890 559 2957 sum,
586 2866 688 2938 ita
720 2889 1190 2964 quaecumque
1218 2866 1291 2937 in
1315 2864 1696 2961 juventute
1727 2863 2104 2953 didicerat,
2154 2865 2492 2936 memori-

366 2994 481 3053 ter
504 2979 889 3069 retinebat‚
918 2980 1099 3053 utin
1128 2980 1327 3052 omni
1344 2978 1742 3051 monastico
1761 2977 2003 3052 officio
2043 3003 2116 3051 se
2152 2977 2260 3050 illi
2293 3002 2491 3051 com—

366 3116 621 3191 parare
654 3118 871 3166 nemo
900 3091 1206 3165 valeret:
1236 3108 1525 3193 putares
1554 3090 1762 3165 illum
1790 3089 1887 3164 nil
1915 3089 2110 3163 aliud
2139 3092 2345 3183 scire,
2379 3092 2488 3163 ni-

366 3206 471 3279 hil
530 3221 786 3306 praeter
834 3209 971 3281 ista
1018 3206 1391 3299 didicisse;
1426 3232 1594 3280 cum
1644 3208 1720 3280 in
1771 3208 2025 3281 studiis
2077 3206 2492 3281 liberalibus

365 3321 553 3395 adeo
593 3323 931 3411 valuerit,
984 3337 1069 3395 ut
1108 3320 1201 3395 de
1249 3321 1455 3395 libris
1509 3347 2054 3421 nonnumquam
2107 3321 2492 3395 dialecticis

367 3438 517 3511 sive
560 3437 941 3511 rhetoricis
975 3438 1435 3511 subtilissime
1468 3439 1870 3525 dissereret,
1924 3437 2196 3510 nedum
2245 3435 2338 3509 de
2388 3436 2494 3506 di·-

368 3553 551 3627 vinis
572 3554 647 3625 in
677 3552 941 3651 quibus
968 3569 1463 3627 consenuerat.
1496 3559 1674 3627 Nam
1697 3554 2078 3650 Scripturae
2110 3548 2364 3622 divinae
2392 3549 2490 3621 ita

364 3684 523 3741 erat
534 3669 843 3741 lectione
866 3666 1342 3767 plenissimus,
1367 3682 1466 3760 ut,
1500 3668 1997 3764 undecumque
2016 3666 2492 3759 interrogatus

366 3783 637 3875 fuisset,
674 3798 1004 3883 paratum
1034 3783 1335 3856 haberet
1368 3795 1783 3879 competens
1827 3778 2096 3877 absque
2145 3777 2488 3852 dilatione

368 3922 822 3999 responsum.
851 3898 1242 3971 Gentilium
1266 3922 1440 3971 vero
1466 3912 1842 3996 poetarum
1864 3894 1960 3969 ob
1986 3910 2306 3969 tenacem
2330 3920 2482 3968 me·

364 4015 673 4087 moriam
715 4011 1045 4087 oblivisci
1073 4036 1589 4111 usquequaque
1612 4035 1759 4085 non
1793 4024 2098 4110 poterat,
2138 4026 2217 4083 ut
2246 4034 2484 4084 versus

360 4130 789 4204 Horatianos
821 4127 992 4203 utile
1016 4127 1288 4227 aliquid
1309 4128 1758 4201 continentes
1787 4151 2012 4225 usque
2044 4125 2140 4200 ad
2161 4126 2476 4214 vicenos,

363 4270 544 4344 saepe
578 4244 791 4318 etiam
818 4244 913 4317 ad
940 4245 1274 4335 tricenoS,
1318 4244 1734 4317 memoriter
1759 4242 1968 4316 nobis
1997 4242 2353 4315 recitaret.
2379 4246 2480 4315 tta
