3275 5317
825 324 888 379 ω
902 326 939 381 6
1258 324 1587 382 OEuvnss
1624 309 2053 382 couPLsrss
2089 322 2193 379 nr.
2231 322 2501 383 suess.

826 452 1192 520 discretioni
1243 452 1648 521 terminanda
1691 451 2157 520 committebat.
2221 452 2550 521 Gloriosus
2593 454 2784 519 etiam
2825 478 2924 519 rex

826 553 1109 622 Franciae
1141 555 1523 635 Ludovicus‚
1558 553 2073 646 Hierosolymam
2105 553 2530 645 proficiscens,
2565 554 2926 645 pontificum

828 674 893 725 et
920 682 1267 749 procerum
1292 658 1561 725 consilio
1584 682 1664 723 ex
1683 674 1864 749 parte
1894 656 2064 723 illius
2089 656 2246 723 fidei
2281 674 2348 722 et
2377 656 2649 723 solertiae
2675 682 2926 747 regnum

828 784 1013 827 suum
1060 760 1417 851 specialiter
1451 759 1774 827 commisit
1813 758 2192 850 regendum.
2251 758 2445 841 Quod
2476 758 2582 823 ille
2601 808 2621 837 ,
2669 760 2806 825 Deo
2833 761 2926 847 ju-

829 878 1039 941 vante,
1074 860 1165 929 ita
1190 861 1656 930 administravit
1691 878 1757 929 et
1795 864 1983 943 rexit,
2023 878 2098 929 ut
2141 860 2412 951 principi
2439 860 2738 927 redeunti
2763 885 2928 927 com·

830 964 1025 1031 missa
1058 963 1183 1031 sibi
1217 988 1367 1032 cum
1407 990 1565 1056 pace
1596 982 1665 1031 et
1703 964 2066 1057 integritate
2113 966 2501 1029 restitueret.

921 1068 1187 1147 Verum,
1222 1066 1374 1157 quia
1400 1091 1440 1133 a
1469 1067 1840 1134 conditione
1868 1065 2185 1133 moriendi
2213 1090 2406 1132 nemo
2435 1066 2778 1156 excipitur,
2805 1092 2936 1133 cum

835 1168 1211 1249 valitudine,
1242 1190 1369 1257 qua
1394 1186 1686 1235 mortuus
1709 1184 1828 1249 est,
1855 1168 2076 1236 vexari
2109 1166 2396 1259 cepisset,
2447 1168 2720 1233 fratrum
2745 1172 2936 1235 mani-

836 1268 959 1334 bus
994 1282 1400 1347 sustentatus,
1434 1266 1501 1333 in
1532 1268 1878 1357 capitulum
1907 1291 1975 1332 se
2009 1264 2243 1333 deduci
2269 1265 2589 1356 poposcit.
2619 1265 2780 1347 Ubi,
2813 1281 2942 1355 post

834 1372 1031 1439 verba
1056 1370 1515 1451 aedificationis,
1536 1395 1684 1437 cum
1709 1370 1985 1436 lacrimis
2005 1384 2074 1435 et
2091 1368 2334 1459 gemitu
2359 1368 2656 1433 omnium
2685 1366 2943 1457 pedibus

836 1472 1231 1565 provolutus,
1244 1494 1470 1539 eorum
1482 1496 1551 1539 se
1562 1471 1804 1561 judicio
1819 1470 2147 1539 humiliter
2154 1472 2470 1562 exposuit,
2483 1469 2948 1537 lacrimabiliter

836 1577 1168 1669 postulans
1202 1594 1275 1643 ut
1296 1578 1474 1667 quod
1508 1578 1574 1644 in
1604 1602 1718 1644 eos
1749 1577 2097 1668 deliquerat
2133 1577 2235 1643 vel
2262 1576 2688 1669 negligentius
2717 1594 2942 1666 egerat,

839 1696 1129 1771 respectu
1160 1678 1415 1769 pietatis
1442 1679 1501 1745 ei
1524 1681 1904 1747 relaxarent.
1939 1680 2134 1763 Quod
2159 1680 2384 1745 fratres
2417 1700 2648 1743 omnes
2681 1679 2950 1743 maxima

841 1806 989 1848 cum
1010 1780 1354 1849 devotione
1371 1798 1438 1847 et
1450 1781 1710 1875 copiosa
1732 1782 2140 1849 lacrimarum
2157 1780 2466 1849 effusione
2485 1779 2948 1871 gratantissime

842 1886 1157 1950 fecerunt.
1193 1882 1477 1951 Transiit
1506 1901 1721 1951 autem
1751 1884 1925 1951 idem
1951 1884 2330 1950 venerabilis
2355 1898 2540 1973 pater
2565 1880 2748 1947 inter
2769 1882 2950 1949 verba

843 1984 1165 2054 Orationis
1202 2003 1270 2051 et
1312 1986 1625 2078 symboli,
1665 1986 1771 2055 die
1821 1986 1964 2053 idus
1999 1987 2242 2053 mensis
2266 1983 2562 2073 januarii,
2603 2008 2784 2051 anno
2813 2009 2952 2051 vero

844 2089 1103 2155 Domini
1134 2090 1392 2173 MCLH,
1425 2092 1599 2155 LXX
1624 2089 1827 2155 aetatis
1851 2114 1976 2155 suoe
2001 2113 2174 2155 anno
2194 2138 2214 2171 ,
2242 2112 2282 2154 a
2319 2086 2725 2179 susceptione
2749 2104 2952 2153 autem

845 2190 1181 2258 monastici
1226 2190 1483 2257 habitus
1522 2188 1655 2259 fere
1697 2194 1834 2271 Lx,
1885 2190 2272 2281 praelationis
2317 2214 2472 2255 vero
2529 2213 2662 2255 suae
2713 2192 2948 2255 XXIX.

844 2297 1038 2382 Cujus
1070 2295 1408 2385 sepulturae
1448 2312 1514 2360 et
1552 2293 1836 2383 exequiis
1881 2292 2305 2360 interfuerunt
2335 2315 2448 2359 sex
2479 2292 2790 2383 episcopi,
2819 2316 2950 2358 cum

846 2394 1061 2461 multis
1108 2392 2184 2483 abbatibus,christianissimoque
2225 2416 2372 2485 rege
2415 2392 2704 2459 Franciae
2743 2392 2946 2459 Ludo·

846 2498 1043 2563 vico.
1071 2495 1209 2577 ubi,
1235 2512 1301 2562 et
1325 2494 1577 2586 pietatis
1603 2518 1856 2563 memor
1877 2512 1941 2561 et
1962 2498 2302 2562 immemor
2319 2494 2512 2585 regiae
2539 2493 2948 2569 celsitudinis,

847 2598 1003 2665 dum
1058 2598 1431 2689 sepeliretur
1468 2596 1860 2664 amarissime
1909 2596 2123 2683 flevit3
2173 2594 2470 2685 flevitque
2523 2594 2742 2662 omnis
2795 2598 2952 2687 segia

848 2700 1104 2782 domus,
1130 2699 1244 2767 sed
1272 2718 1339 2767 et
1364 2701 1663 2815 populus,
1695 2700 1805 2790 qui
1849 2724 2000 2767 eum
2047 2717 2356 2790 tanquam
2395 2698 2954 2791 prudentissimum

850 2802 1303 2881 consiliarium,
1346 2801 1674 2893 totiusque
1713 2802 1896 2893 regni
1926 2802 2422 2894 gubernatorem
2455 2818 2524 2867 et
2549 2800 2954 2868 administra·

847 2916 1059 2969 torem
1084 2902 1473 2993 planxerunt
1498 2900 2104 2994 sapientissimum&

933 3163 993 3219 1.
1028 3182 1056 3211 ι
1096 3161 1184 3219 Ex
1221 3156 1337 3217 alio
1376 3156 1577 3217 codice
1604 3178 1714 3221 ms.
1751 3158 2012 3239 ejusdem
2041 3158 2317 3232 ecclesia,
2357 3156 2432 3219 ad
2465 3177 2683 3217 annum
2715 3160 2902 3215 MLn.
2933 3184 2961 3209 a

862 3253 1100 3323 chesn„
1136 3253 1235 3325 lv,
1268 3253 1411 3310 280.
1442 3282 1519 3295 -
1558 3250 1822 3325 nublet„
1855 3272 1918 3332 p.
1949 3254 2088 3313 253.
2107 3284 2188 3297 -
2219 3254 2373 3311 Gau.
2403 3251 2645 3322 ctum„
2671 3252 2800 3324 vn,
2823 3252 2970 3311 376.

852 3376 935 3391 —
954 3350 1157 3406 Rerum
1176 3348 1375 3423 gallic.
1406 3345 1727 3421 scriptores,
1758 3348 1897 3417 XII,
1937 3350 2004 3405 11
2019 3348 2075 3406 3.
