3275 5317
870 514 987 576 200
1308 504 1638 569 onuvnss
1685 494 2106 566 commu-:s
2145 458 2245 564 nn
2285 506 2551 565 suom.

868 647 1249 721 ciationem
1300 668 1435 742 pro
1484 643 1792 742 peccatis
1840 640 2102 714 nostris
2151 638 2531 713 habemus.
2591 644 2982 740 Opponunt

868 765 1081 838 etiam
1128 762 1252 859 qui
1286 760 1655 855 derogant,
1691 757 1954 830 debere
1971 762 1992 797 ¹
2031 755 2362 830 sufficere
2387 757 2576 830 huic
2618 758 2982 831 amminis-

866 879 1157 954 trationi
1173 892 1485 950 mentem
1505 891 1820 949 sanctam
1830 931 1850 965 ,
1865 876 2186 947 animum
2202 898 2494 974 purum,
2519 875 2980 947 intentionem

868 994 1181 1069 fidelem.
1219 996 1305 1065 Et
1342 1017 1476 1065 nos
1509 990 1806 1089 quidem
1841 990 1994 1062 haec
2035 991 2370 1063 interesse
2397 992 2778 1089 praecipue,
2817 1016 2982 1091 pro-

864 1112 1047 1212 prie,
1108 1108 1502 1207 specialiter
1549 1104 2058 1205 approbamus.
2115 1110 2195 1177 In
2249 1105 2722 1178 exterioribus
2772 1108 2980 1179 etiam

868 1246 1234 1296 sacrorum
1266 1247 1603 1295 vasorum
1638 1221 2106 1312 ornamentis,
2143 1220 2325 1293 nulli
2348 1222 2647 1294 omnino
2675 1246 2876 1319 aeque
2901 1238 2983 1295 ut

866 1339 1092 1409 sancti
1131 1338 1458 1411 sacrificii
1487 1337 1804 1424 servitio,
1846 1338 1916 1427 in
1943 1337 2145 1408 omni
2181 1336 2494 1435 puritate
2530 1337 2880 1429 interiori,
2909 1338 2980 1409 in

866 1452 1066 1524 omni
1088 1451 1463 1525 nobilitate
1490 1452 1846 1543 exteriori,
1866 1450 2130 1524 debere
2159 1450 2495 1523 famulari
2528 1450 2974 1551 profitemur.

867 1572 951 1639 In
974 1567 1307 1639 omnibus
1329 1568 1520 1639 enim
1538 1566 2023 1639 universaliter
2044 1565 2533 1639 decentissime
2551 1590 2687 1638 nos
2705 1582 2982 1665 oportet

866 1681 1224 1755 deservire
1252 1682 1713 1782 Redemptori
1733 1698 2013 1776 nostre,
2052 1682 2176 1780 qui
2216 1683 2290 1755 in
2342 1681 2680 1755 omnibus
2713 1685 2984 1755 univer-

866 1796 1105 1870 saliter
1146 1797 1417 1895 absque
1453 1798 1870 1897 exceptione
1899 1798 2138 1896 aliqua
2178 1798 2391 1871 nobis
2431 1797 2810 1895 providere
2841 1824 2979 1870 non

866 1912 1259 2005 recusavit3
1297 1914 1418 2010 qui
1460 1928 1730 1985 naturae
1761 1938 1904 1986 suae
1929 1928 2249 1985 nostram
2281 1911 2416 1985 sub
2443 1938 2592 1985 uno
2625 1929 2699 1985 et
2734 1916 2980 1986 ammi-

876 2025 1089 2099 rabili
1119 2027 1497 2101 individuo
1539 2028 1793 2121 univit,
1851 2030 2138 2126 quinos
2169 2030 2242 2099 in
2283 2042 2484 2126 parte
2516 2026 2824 2101 dexterae
2849 2054 2982 2100 suae

868 2142 1143 2236 locam,
1198 2167 1499 2240 regnum
1555 2168 1770 2216 suum
1819 2144 2160 2216 veraciter
2202 2144 2566 2242 possidere
2611 2144 2974 2242 promisit,

868 2260 1221 2330 Dominus
1249 2278 1496 2332 noster
1526 2261 1654 2358 qui
1685 2260 1864 2331 vivit
1891 2274 1967 2332 et
2009 2273 2258 2356 regnat
2295 2284 2426 2359 per
2460 2260 2710 2333 omnia
2751 2258 2979 2331 secula

869 2374 1303 2446 seculorum.

964 2488 1201 2561 Altare
1225 2490 1439 2560 etiam
1480 2488 1680 2587 quod
1720 2491 2133 2563 testimonio
2165 2491 2632 2588 antiquorum
2665 2506 2980 2565 sanctum

864 2605 1285 2676 nominatur
1312 2602 1532 2677 altare
1569 2603 1704 2704 (sic
1743 2607 1938 2677 enim
1969 2606 2339 2678 consuevit
2370 2606 2610 2679 dicere
2643 2608 2980 2702 gloriosus

867 2744 989 2791 rex
1027 2720 1431 2792 Ludovicus
1474 2720 1784 2818 Philippi
1816 2720 1909 2792 ab
1944 2720 2243 2794 infantia
2271 2746 2422 2813 sua,
2459 2722 2640 2794 dum
2687 2720 2802 2795 hic
2845 2747 2978 2795 nu·

868 2836 1184 2924 triretur,
1230 2860 1304 2908 se
1339 2860 1381 2907 a
1413 2834 1816 2908 senioribus
1857 2835 1995 2909 loci
2025 2836 2413 2935 didicisse),
2450 2838 2622 2936 quia
2657 2861 2828 2909 cum
2869 2862 2980 2907 ve-

868 2964 1161 3040 tustate,
1226 2966 1383 3022 tum
1447 2950 1732 3024 defectu
1789 2950 2021 3024 fidelis
2097 2952 2436 3025 custodiae
2457 3007 2478 3045 ,
2554 2968 2714 3025 tum
2771 2954 2978 3025 etiam

864 3079 1164 3161 propter
1228 3064 1680 3163 frequentem
1738 3068 2140 3140 motionem
2207 3092 2366 3165 quae
2424 3067 2506 3140 fit
2561 3066 2982 3140 nobilissimi

870 3195 1249 3277 apparatus
1276 3166 1686 3272 occasione,
1725 3185 1851 3281 qui
1901 3183 2159 3257 diversi
2200 3183 2526 3273 diversiS,
2573 3185 2984 3258 excellentes

868 3290 1486 3365 excellentioribus
1548 3295 1743 3368 festis
1807 3309 2268 3395 apponuntur
2295 3354 2315 3388 ,
2381 3297 2622 3368 minus
2697 3295 2987 3368 honeste

867 3432 1243 3514 comptum
1282 3418 1698 3516 apparebat,
1745 3418 1844 3491 ob
1877 3420 2352 3493 reverentiam
2382 3434 2794 3493 sanctarum
2827 3420 2984 3491 reli-

867 3532 1200 3628 quiarum
1237 3558 1581 3607 renovare
1603 3536 2033 3631 excepimus.
2075 3538 2404 3608 Sacratus
2437 3535 2795 3633 siquidem
2816 3535 2987 3633 lapis

867 3646 1394 3744 porphireticus
1422 3651 1545 3747 qui
1572 3665 1899 3747 superest
1928 3674 2090 3742 arae,
2129 3675 2277 3723 non
2313 3650 2552 3722 minus
2573 3651 2986 3748 qualitativo

869 3760 1111 3833 colore
1161 3788 1382 3861 quam
1441 3766 1911 3861 quantitativa
1960 3764 2448 3861 magnitudine
2491 3766 2700 3838 satis⁸
2752 3782 2982 3864 aptus,

869 3898 1188 3949 concavo
1232 3878 1423 3975 ligno
1453 3904 1635 3953 auro
1663 3896 1944 3979 operto,
1988 3881 2138 3979 ipsa
2169 3895 2521 3954 vetustate
2559 3880 2978 3980 interpolata

872 3989 1269 4065 admodum
1304 3992 1661 4093 disrupto,
1697 3996 2140 4093 cingebatur.
2168 3996 2389 4092 Cujus
2431 3996 2730 4068 concavi
2767 3997 2988 4068 faceta

954 4223 1011 4277 1.
1042 4223 1276 4297 Dos-fere,
1317 4224 1611 4296 mendose,
1641 4222 1850 4289 Cbesn.
1883 4224 1978 4287 ed.
2011 4258 2088 4273 -
2116 4230 2176 4287 2.
2213 4231 2406 4299 Same,
2433 4226 2604 4299 male,
2637 4228 2772 4287 cod.
2797 4244 2904 4286 ms·
