3275 5317
796 474 908 530 160
1216 478 1542 537 OEuvnas
1582 459 2012 536 commanis
2053 474 2156 529 m:
2195 470 2456 530 suern.

792 602 1336 697 amministrant,
1366 622 1438 679 et
1486 604 1794 679 carrucis
1842 602 2064 675 boves
2109 614 2182 673 et
2223 598 2614 671 necessaria
2653 598 2905 671 omnia

794 718 1299 815 suppeditant3
1356 736 1655 818 propter
1683 714 1884 825 quod
1931 714 2122 787 furni
2180 712 2545 787 redditum
2595 711 2896 784 habent.

894 835 1035 903 Nos
1098 858 1269 907 vero
1328 859 1619 907 censum
1675 847 2035 921 nostrum,
2097 843 2167 901 et
2221 842 2778 916 tensamentum,
2825 840 2906 898 et

797 960 1118 1019 mortuas
1148 971 1430 1041 manus,
1462 964 1533 1019 et
1558 944 1944 1036 forisfacta,
1972 960 2046 1017 et
2067 942 2335 1017 talliam
2369 966 2506 1041 pro
2537 944 2904 1014 voluntate

796 1075 1039 1133 nostra
1096 1061 1469 1135 habemus.
1531 1062 1672 1134 Ubi
1723 1062 2249 1133 incrementum
2297 1080 2598 1129 annonae
2645 1072 2906 1155 quater

795 1175 1045 1271 viginti
1090 1192 1163 1250 et
1204 1178 1458 1251 decem
1502 1176 1918 1251 modiorum
1959 1174 2304 1248 consistit.
2341 1174 2630 1245 Curiam
2661 1188 2909 1246 autem

800 1291 1168 1388 antiquam
1196 1318 1410 1366 muro
1440 1294 1817 1382 cinximus,
1861 1292 2166 1365 domum
2197 1288 2509 1362 ecclesiae
2557 1289 2906 1361 inhaeren-

800 1420 948 1477 tem
978 1431 1163 1504 pene
1198 1408 1708 1481 defensabilem
1731 1406 2004 1480 ibidem
2036 1406 2428 1491 ereximus3
2469 1429 2610 1501 qua
2663 1404 2905 1476 muni-

802 1520 993 1593 tione
1016 1547 1458 1597 successores
1478 1526 1705 1596 nostri
1735 1538 1806 1595 et
1823 1547 1989 1595 suos
2004 1536 2074 1594 et
2095 1545 2249 1613 sua,
2281 1520 2338 1593 si
2364 1518 2624 1619 placet,
2652 1534 2906 1593 contra

802 1658 1095 1709 omnem
1112 1636 1393 1710 hostem
1420 1636 1808 1711 defendere
1853 1651 2220 1736 poterunt.

972 1886 1096 1957 ΠΙ.
1138 1888 1243 1957 De
1274 1887 1806 1984 recuperatione
1839 1882 2399 1985 Argentoe'lemis·
2439 1880 2760 1956 abbatiam

903 2087 1085 2159 Cum
1121 2100 1323 2159 aetate
1358 2084 1658 2159 docibili
1699 2085 2192 2159 adolescentiae
2221 2109 2398 2157 meae
2427 2080 2756 2181 antiquas
2793 2108 2912 2155 ar·-

806 2202 1013 2274 marii
1072 2202 1598 2299 possessionum
1659 2202 2099 2276 revolverem
2143 2216 2396 2290 cartas,
2457 2214 2532 2273 et
2581 2200 2914 2272 immuni-

809 2332 1038 2391 tatum
1068 2316 1310 2391 biblos
1357 2333 1656 2415 propter
1703 2316 2101 2390 multorum
2145 2316 2747 2389 calumniatorum
2775 2318 2910 2385 im-

810 2430 1196 2529 probitates
1231 2432 1780 2530 frequentarem,
1835 2431 2092 2505 crebro
2135 2430 2467 2504 manibus
2493 2428 2914 2502 occurrebat

811 2545 902 2617 de
950 2546 1280 2619 coenobio
1326 2546 1837 2644 Argentoilensi
1888 2545 2325 2619 fundationis
2361 2559 2556 2617 carta
2606 2542 2700 2615 ab
2733 2546 2910 2614 Her-

812 2662 1131 2735 menrico
1163 2678 1236 2735 et
1262 2662 1562 2760 conjuge
1592 2662 1744 2759 ejus
1776 2665 2108 2753 Numma,
2143 2662 2217 2733 in
2240 2685 2382 2759 qua
2410 2657 2918 2733 continebatur

812 2775 1013 2872 quod
1061 2800 1104 2848 a
1149 2792 1470 2876 tempore
1512 2776 1744 2875 Pipini
1785 2779 1966 2873 regis
2011 2776 2206 2849 beati
2267 2774 2584 2872 Dionysii
2631 2772 2918 2845 abbatia

815 2892 1160 2963 extiterat.
1224 2890 1365 2965 Sed
1426 2891 1739 2989 quadam
1774 2892 2144 2964 ocoesione
2197 2905 2610 2963 contractus
2639 2890 2914 2961 incom-

817 3002 1042 3095 modi,
1080 3006 1156 3077 in
1191 3020 1512 3105 tempore
1542 3007 1786 3079 Karoli
1815 3008 2050 3103 Magni
2081 3006 2208 3079 filii
2231 3006 2413 3102 ejus,
2439 3006 2740 3077 alienata
2771 3004 2924 3075 fue-

817 3134 949 3191 rat.
1032 3119 1365 3193 Praefatus
1427 3124 1618 3194 enim
1667 3123 2057 3219 imperator
2114 3137 2195 3194 ut
2265 3120 2628 3219 quandam
2699 3118 2920 3191 filiam

820 3258 1048 3327 suam,
1082 3236 1621 3309 matrimonium
1667 3236 2067 3309 humanum
2127 3250 2575 3308 recusantem
2591 3288 2612 3326 ,
2649 3233 2920 3305 ibidem

819 3348 1247 3423 abbatissam
1278 3351 1921 3424 sanctimonialium
1957 3352 2444 3442 constitueret,
2482 3374 2570 3423 eo
2601 3364 2811 3448 pacto
2841 3363 2924 3420 ut

818 3480 981 3562 post
1038 3480 1342 3539 mortem
1380 3467 1531 3564 ejus
1562 3468 1635 3539 in
1690 3492 1897 3539 usum
1945 3466 2250 3540 ecclesiae
2277 3480 2778 3555 reverteretur,
2823 3462 2918 3535 ab

821 3578 1080 3653 abbate
1126 3597 1197 3654 et
1233 3581 1567 3654 fratribus
1607 3581 2044 3655 obtinuerat.
2087 3580 2228 3654 Sed
2280 3580 2682 3652 turbatione
2723 3578 2924 3674 regni

823 3692 1131 3767 filiorum
1172 3694 1299 3766 filii
1327 3695 1503 3793 ejus,
1537 3694 1866 3767 videlicet
1902 3694 2242 3767 Ludovici
2271 3694 2397 3786 Pii,
2435 3693 2922 3782 altercatione,

824 3809 1289 3907 quoadusque
1322 3810 1828 3908 supervixerat,
1863 3810 2106 3909 perfici
2139 3833 2286 3881 non
2318 3808 2578 3907 potuit.

922 3924 1125 3997 Unde
1150 3951 1316 3999 cum
1334 3941 1812 3999 antecessores
1829 3926 2054 3999 nostri
2065 3926 2314 4023 saepius
2331 3948 2544 4024 super
2562 3922 2706 3996 hoc
2731 3922 2932 3997 labo·

821 4055 1059 4113 rantes
1075 4065 1329 4140 parum
1350 4042 1839 4141 profecissent,
1861 4040 2385 4115 communicato
2403 4065 2571 4114 cum
2587 4038 2928 4112 fratribus

824 4156 1089 4231 nostris
1130 4156 1453 4249 consilio,
1508 4158 1811 4230 nuncios
1841 4172 2150 4257 ‚nostros
2205 4170 2277 4229 et
2321 4172 2550 4233 cartas
2601 4158 2930 4257 antiquas
