3275 5317
811 612 887 666 20
1241 602 1567 661 OEuvnns
1608 581 2036 657 commacu-Es
2075 597 2177 654 DE
2218 596 2489 655 suomi.

809 742 1045 833 fuerit,
1075 752 1200 810 aut
1235 735 1350 807 vix
1384 749 1509 805 aut
1532 754 1928 828 nunquam,
1961 743 2213 827 praeter
2240 728 2415 799 feria
2446 740 2637 800 sexta
2680 740 2751 799 et
2796 726 2913 799 die

808 856 1198 942 dominica,
1225 848 1621 949 quieverint
1666 846 1839 943 quin
1882 859 2005 915 aut
2037 868 2205 916 cum
2246 843 2558 915 manuali
2590 867 2919 939 congres-

808 975 1007 1046 sione
1071 970 1480 1041 lancearum
1535 986 1619 1034 ac
1690 957 2089 1056 gladiorum
2154 957 2685 1031 committerent
2700 1011 2719 1048 ‚
2790 972 2917 1029 aut

807 1108 1160 1165 terrarum
1186 1078 1667 1154 destructione
1690 1075 1912 1148 illatas
1936 1073 2229 1170 injurias
2250 1072 2719 1146 vindicarent.
2749 1076 2917 1145 Cer-

808 1206 1094 1279 tabatur
1127 1198 1232 1270 ibi
1276 1220 1424 1267 non
1472 1207 1725 1265 contra
1774 1187 2074 1260 Ebalum
2131 1203 2439 1279 tantum,
2492 1186 2617 1260 sed
2664 1201 2917 1260 contra

807 1344 1056 1394 omnes
1086 1314 1366 1388 illarum
1411 1309 1723 1410 partium
1762 1304 2095 1396 baroneS,
2126 1302 2388 1401 quibus
2422 1303 2637 1375 etiam
2684 1304 2912 1376 maxi-

807 1458 1094 1510 morum
1113 1434 1132 1469 ¹
1169 1426 1767 1520 Lotharingorum
1823 1419 2126 1491 affinitas
2162 1417 2391 1489 multo
2424 1418 2705 1515 agmine
2736 1418 2919 1491 cele-

803 1553 1016 1625 brem
1091 1541 1470 1619 affectabat
1541 1536 1958 1611 exercitum.
2028 1535 2273 1631 Agitur
2342 1533 2611 1605 interea
2668 1534 2917 1606 multis

809 1661 1318 1766 quaestionibus
1347 1658 1437 1729 de
1451 1679 1650 1755 pace,
1667 1668 1739 1725 et
1762 1650 2101 1749 quoniam
2116 1648 2409 1721 diversae
2426 1673 2611 1721 curae
2626 1650 2921 1747 pericu-

809 1784 1098 1878 losaque
1117 1776 1398 1873 negotia
1414 1772 1508 1844 ad
1521 1771 1691 1842 alias
1710 1783 1947 1867 partes
1968 1766 2135 1838 novi
2148 1764 2423 1837 domini
2437 1766 2918 1863 'praesentiam

807 1898 1050 1970 votive
1087 1888 1550 1978 devocabant,
1593 1882 1843 1956 habito
1893 1906 2059 1955 cum
2109 1881 2252 1951 suis
2301 1880 2623 1970 consilio,
2660 1904 2917 1978 pacem

809 2037 850 2082 a
875 2009 1168 2110 praefato
1191 2021 1493 2103 tyranno
1512 1998 1821 2073 ecclesiis
1841 2011 1914 2069 et
1934 1996 2338 2095 impetravit
2354 2010 2426 2067 et
2451 1995 2821 2093 imperavit
2844 1999 2866 2034 ⁸
2891 2023 2912 2087 3

809 2142 882 2200 et
913 2122 1220 2219 acceptis
1265 2106 1661 2205 obsidibuS,
1713 2138 1868 2204 eam
1903 2110 2371 2209 jurejurando
2412 2109 2680 2181 firmari
2716 2110 2907 2213 fecit.

807 2243 1062 2316 Taliter
1101 2236 1479 2310 salutatum
1525 2246 1598 2302 et
1641 2226 2072 2324 flagellatum
2116 2225 2416 2298 dimisit.
2489 2229 2647 2298 Hoc
2700 2226 2917 2298 etiam

813 2359 1013 2461 quod
1041 2358 1132 2431 de
1159 2358 1404 2427 Castro
1435 2355 1636 2422 Novo
1667 2344 2032 2444 repetebat
2056 2344 2130 2414 in
2164 2341 2357 2414 diem
2389 2342 2686 2415 distulit.

906 2480 1028 2548 VI.
1074 2478 1164 2545 Et
1219 2494 1350 2541 nec
1395 2466 1632 2538 minus
1686 2459 2040 2533 celebrem
2084 2456 2568 2530 Aurelianensi
2611 2455 2920 2527 ecclesiae
3042 2508 3051 2518 .

813 2584 1264 2685 suffragando
1306 2581 1469 2655 tulit
1502 2601 1717 2677 opem
1750 2574 2166 2663 militarem,
2220 2595 2387 2643 cum
2429 2586 2503 2643 et
2531 2570 2877 2642 Leonium
2898 2573 2919 2610 ⁴

812 2709 1050 2779 virum
1084 2700 1407 2775 nobilem
1439 2692 1778 2767 Mauduni
1799 2696 1820 2730 ⁸
1860 2690 2095 2778 castri,
2128 2688 2443 2787 episcopi
2472 2686 2923 2760 Aurelianen-

814 2824 907 2895 sis
949 2819 1346 2904 hominem,
1385 2810 1733 2907 majorem
1760 2803 2080 2903 ejusdem
2114 2804 2321 2875 castri
2352 2818 2628 2901 partem
2652 2817 2723 2874 et
2742 2801 2915 2873 alte-

808 2940 956 3010 rius
1004 2932 1406 3005 dominium
1462 2923 1764 3023 praefatae
1825 2919 2129 2991 ecclesiae
2184 2918 2645 3010 auferentem,
2696 2942 2917 2989 manu

811 3053 982 3126 forti
1012 3042 1474 3144 compescuit,
1512 3042 1589 3112 in
1615 3036 1870 3110 eodem
1896 3052 2128 3109 castro
2158 3059 2326 3108 eum
2358 3059 2527 3108 cum
2551 3034 2791 3107 multis
2812 3035 2918 3106 in-

811 3166 1023 3242 clusit
1047 3193 1068 3259 3
1100 3176 1474 3256 castroque
1505 3167 1819 3251 recept0,
1846 3154 2111 3225 cumin
2138 3152 2461 3247 proxima
2492 3149 2742 3222 domui
2773 3174 2916 3222 suae

811 3282 1129 3370 ecclesia,
1157 3274 1406 3349 erectis
1431 3266 1999 3371 propugnaculiS,
2034 3264 2431 3339 defensioni
2464 3266 2912 3357 inniteretur,

811 3412 894 3471 ut
932 3394 1136 3467 fortis
1188 3386 1470 3461 fortiori
1509 3380 1905 3480 subjicitur,
1960 3403 2326 3451 armorum
2356 3396 2426 3451 et
2462 3379 2916 3452 flammarum

810 3510 1207 3608 ingestione
1254 3497 1791 3576 intolerabiliter
1839 3496 2291 3594 opprimitur.
2342 3500 2485 3567 Nec
2532 3495 2724 3568 solus
2760 3494 2916 3567 diu-

811 3626 1005 3699 turni
1036 3618 1500 3697 anathematis
1541 3614 1882 3687 mulctam
1920 3610 2163 3699 solvit,
2194 3635 2362 3683 cum
2407 3612 2555 3709 ipse
2604 3626 2677 3683 et
2709 3611 2915 3684 multi

809 3740 929 3814 alii
983 3740 1205 3811 ferme
1273 3732 1653 3829 sexaginta,
1706 3728 1995 3800 flamma
2064 3725 2487 3824 praevalente
2504 3780 2523 3818 ‚
2580 3726 2673 3799 de
2716 3740 2915 3800 turre

888 3954 917 4009 1
933 3990 950 4009 .
994 3954 1322 4008 Max-mmm
1351 3943 1568 4013 forsan,
1598 3937 1906 4015 subjiciunt
1931 3934 2307 4003 Benedictihi.

889 4046 952 4103 2.
993 4045 1122 4102 Jam
1149 4060 1252 4099 rex
1279 4037 1604 4115 designatus
1633 4044 1758 4091 erat
1786 4029 2131 4090 Ludovicus.

887 4141 946 4197 3.
971 4141 1189 4195 Desunt
1215 4131 1278 4191 in
1299 4129 1436 4197 edd,
1455 4127 1664 4187 Chesn.
1682 4137 1737 4183 et
1757 4123 2049 4184 Benedict.
2074 4141 2243 4182 voces
2265 4136 2321 4182 ee
2353 4127 2665 4200 imperavit.
2694 4126 2913 4203 Legen-

809 4229 945 4287 dum
973 4224 1307 4306 conjicimus
1336 4244 1351 4281 :
1383 4235 1439 4278 et
1471 4224 1764 4294 imperavit
1782 4230 1839 4275 et
1860 4222 2197 4293 impetravit.

891 4324 948 4381 4,
992 4325 1238 4381 Leonum
1261 4316 1439 4377 5925.
1465 4345 1545 4359 —
1586 4316 1645 4372 5.
1690 4308 1869 4389 Vulgo
1897 4312 2460 4388 Meung-sur-Loire.
