3275 5317
968 620 1094 677 vm
1133 620 1232 677 m:
1272 618 1494 677 Loms
1533 616 1630 676 LE
1670 618 1889 677 GROS.
2408 622 2475 680 41

372 766 448 825 et
469 752 600 825 alia
646 748 1062 848 hujusmodi
1109 773 1360 823 eorum
1414 748 1795 847 scriptores
1838 747 2225 849 depingant
2262 776 2281 821 ε
2323 776 2483 844 noS,

375 868 539 966 quia
598 866 1128 965 proposuimus,
1199 866 1408 962 gestis
1457 868 1898 937 Francorum
1975 864 2218 937 stilum
2278 864 2495 965 repli-
2586 892 2595 897 ·

374 984 676 1055 cemus¹.

471 1104 558 1174 X.
616 1096 954 1170 Praefatus
998 1098 1237 1194 itaque
1289 1120 1532 1170 comes
1577 1094 1796 1168 Wido
1854 1094 1946 1167 de
2002 1098 2199 1191 Rupe
2248 1094 2483 1176 For-ti,

371 1212 713 1313 quoniam
805 1212 1230 1285 aemulorum
1315 1212 1847 1285 machinatione
1942 1209 2488 1283 matrimonium

371 1328 572 1428 quod
617 1326 1176 1401 contrahebatur
1231 1328 1420 1399 inter
1467 1326 1847 1400 dominum
1905 1325 2351 1419 designatum
2419 1339 2494 1398 et

371 1445 596 1519 filiam
627 1468 858 1534 suam,
898 1444 1504 1541 consanguinitate
1545 1444 1981 1542 impetitum,
2018 1441 2327 1514 divortio
2373 1464 2491 1514 so·

369 1560 607 1633 lutum
672 1560 746 1631 in
803 1560 1173 1658 praesentia
1235 1556 1514 1631 domini
1583 1582 1785 1657 papae
1836 1557 2107 1649 fuerat,
2190 1580 2491 1629 rancore

369 1676 594 1749 animi
637 1688 1014 1773 concepto,

647 1851 964 1914 Scintillam
989 1864 1216 1911 tenuem
1241 1863 1556 1911 commotos
1586 1849 1753 1933 pavit
1782 1850 1843 1910 in
1869 1850 2091 1929 igneo'.

371 2000 520 2067 Nec
584 1996 820 2067 minus
877 1993 1212 2067 dominus
1271 1993 1679 2091 designatus
1740 1994 1816 2065 in
1869 2018 2040 2067 eum
2098 1993 2484 2092 zelabatur,

374 2135 546 2185 cum
587 2109 824 2182 subito
862 2109 1378 2183 Garlandenses
1407 2134 1484 2182 se
1509 2109 2075 2183 intermiscentes
2103 2112 2491 2187 amicitiam

373 2224 687 2317 solvunt,
753 2224 986 2297 foedus
1044 2223 1512 2316 defoederant,
1569 2224 1973 2297 inimicitias
2038 2242 2483 2321 exaggerant.

371 2344 636 2413 Nactus
682 2340 922 2438 itaque
975 2339 1425 2411 occasionem
1460 2337 1779 2411 bellandi
1822 2338 2229 2435 designatus
2255 2340 2489 2413 domi-

371 2482 537 2549 nus,
599 2482 687 2530 eo
737 2454 938 2555 quod
993 2460 1201 2550 Hugo
1257 2454 1348 2526 de
1404 2458 1814 2553 Pompona,
1872 2453 2079 2526 miles
2130 2468 2487 2546 strenuuS,

369 2572 797 2647 castellanus
824 2570 917 2643 de
933 2573 1292 2658 GornacO,
1320 2583 1552 2641 castro
1575 2593 1791 2667 super
1809 2568 2108 2642 fluvium
2131 2572 2495 2641 Matronae⁸

374 2688 542 2775 sit0,
577 2699 1066 2757 mercatorum
1112 2684 1188 2755 in
1234 2684 1422 2779 regia
1465 2698 1679 2756 strata
1733 2708 1957 2782 equos
2006 2710 2087 2756 ex
2129 2684 2492 2782 insperato

374 2800 614 2898 rapuit
680 2813 750 2871 et
793 2802 1200 2871 Gornacum
1246 2797 1542 2870 adduxit
1585 2825 1601 2870 ε
1653 2798 1805 2896 ejus
1840 2798 2269 2871 contumelia
2308 2824 2489 2898 prae-

375 2914 803 3013 sumptionis
821 2938 1008 3012 pene
1037 2929 1234 2985 extra
1264 2938 1337 2985 se
1364 2915 1636 3011 positus
1654 2913 2085 3003 Ludovicus,
2106 2915 2491 2987 exercitum

373 3030 666 3125 colligit,
685 3045 996 3103 castrum
1029 3028 1262 3101 subita
1293 3027 1699 3120 obsidione,
1735 3042 1817 3101 ut
1848 3029 2137 3101 victuali
2167 3044 2491 3103 carerent

373 3144 768 3243 opulentia,
788 3144 1229 3218 velocissime
1246 3145 1490 3239 cingit.
1507 3146 1741 3217 Haeret
1756 3144 2042 3217 castello
2056 3144 2281 3217 insula
2296 3160 2491 3241 grata

373 3262 785 3334 amoenitate
809 3260 1270 3359 pabulorum,
1302 3260 1504 3358 equis
1530 3275 1605 3333 et
1631 3258 2013 3359 pecoribus
2034 3262 2310 3359 opima:
2331 3284 2491 3358 quae

377 3403 454 3451 se
500 3376 1006 3475 aliquantisper
1052 3375 1296 3468 latam,
1346 3375 1476 3448 sed
1521 3374 1687 3475 plus
1727 3374 2015 3471 longam
2053 3374 2484 3473 producenti,

375 3492 762 3563 maximam
805 3490 1184 3589 oppidanis
1221 3488 1500 3562 confert
1545 3488 1947 3579 utilitatem,
1996 3513 2163 3561 cum
2205 3501 2277 3560 et
2325 3512 2485 3586 spa-

377 3604 740 3678 tiantibus⁸
777 3604 1316 3681 decurrentium
1355 3628 1705 3703 aquarum
1730 3603 2115 3677 clarificam
2145 3598 2487 3675 exhilara-

461 3848 490 3904 1
504 3886 522 3905 .
561 3843 814 3925 Explicit
837 3845 1068 3906 tertium
1091 3846 1476 3926 fragmentum
1497 3844 1630 3910 cod.
1660 3849 1688 3903 1
1702 3848 1775 3906 33
1810 3842 2115 3905 insertum.

457 3939 520 4022 β.
561 3936 780 3997 Lucani
809 3938 1043 4013 Phar-s„
1069 3942 1142 4011 V,
1169 3942 1308 4001 525.

459 4033 518 4088 3.
563 4034 854 4089 Maoemoe
879 4032 1058 4091 6265.
1108 4065 1188 4078 —
1223 4030 1336 4107 Qui
1363 4030 1524 4091 locus
1549 4048 1704 4091 nunc
1732 4027 1906 4090 etiam
1950 4027 2161 4087 dicitur
2204 4032 2494 4103 Gomay-

375 4126 746 4184 sur-Marne.

458 4222 518 4279 4.
562 4223 640 4278 Et
679 4240 806 4279 cum
841 4221 1216 4298 spatiantibus
1251 4222 1470 4283 12710.
1509 4252 1592 4266 --
1629 4223 1771 4283 Cum
1807 4239 1869 4282 se
1909 4217 2285 4297 spatiantibus
2334 4220 2488 4280 5925

375 4324 548 4393 atque
577 4312 714 4375 edit.
747 4313 956 4376 Chesn.
