3275 5317
680 530 823 589 SUR
863 530 1005 587 soN
1044 532 1678 591 ADMINISTRATION
1715 534 2124 592 ABBATIALE
2348 532 2464 593 ¹89

521 666 723 741 Deque
748 673 849 720 tuo
874 659 981 721 tibi
1006 660 1357 742 participans
1379 676 1600 741 martyr
1626 662 1888 742 Dionysi,

520 758 662 815 Orat
681 766 747 813 nt
776 772 979 813 exores
1001 754 1125 814 fore
1145 755 1485 836 participem
1510 756 1795 817 Paradisi.

521 853 721 907 Annus
742 845 1005 907 millenus
1030 860 1091 908 et
1112 860 1387 909 centenus
1408 850 1814 929 quadragenus

602 944 802 1000 Annus
830 952 955 1001 erat
977 941 1177 1016 Verbi,
1198 944 1433 1021 qnando
1460 955 1682 1003 sacrata
1706 941 1838 1003 fuit.

456 1091 719 1163 Versus
748 1090 963 1162 etiam
992 1104 1367 1187 portarum
1391 1088 1495 1163 hi·
1522 1103 1735 1163 sunt:

518 1257 821 1315 Portarum
843 1252 1103 1334 quisquis
1128 1254 1389 1315 attollere
1409 1254 1619 1335 quaeris
1645 1256 1953 1330 honorem,

516 1351 738 1407 Aurum
765 1368 869 1408 nec.
896 1361 1181 1429 sumptus,
1208 1350 1401 1430 operis
1424 1349 1635 1410 mirare
1666 1350 1948 1419 laborem,

516 1442 719 1502 Nobile
739 1441 919 1501 claret
937 1462 1106 1522 opus,
1140 1440 1241 1502 sed
1276 1463 1423 1524 opus
1452 1445 1606 1522 qnod
1634 1443 1826 1503 nobile
1855 1442 2034 1503 claret

514 1533 800 1594 Clarifieet
820 1546 1041 1595 mentes
1059 1546 1125 1594 nt
1151 1548 1285 1595 eant
1304 1555 1413 1615 per
1438 1535 1654 1595 lumina
1680 1555 1818 1595 vera

511 1627 603 1685 Ad
626 1647 824 1687 verum
842 1627 1063 1701 lumen,
1088 1627 1191 1687 ubi
1217 1625 1475 1688 Christus
1492 1626 1670 1709 janua
1695 1647 1852 1687 vera.

514 1721 697 1797 Quale
724 1721 797 1782 sit
818 1720 970 1781 intus
992 1722 1055 1781 in
1084 1721 1174 1782 his
1196 1722 1536 1782 determinat
1562 1742 1736 1781 aurea
1763 1732 1954 1801 porta.

510 1816 673 1874 Mens
694 1814 869 1875 hebes
894 1816 970 1874 ad
993 1835 1191 1875 verum
1222 1834 1326 1896 per
1350 1816 1668 1875 materialia
1691 1814 1896 1893 surgit,

510 1911 583 1966 Et
604 1908 863 1968 demersa
890 1907 1051 1990 prius
1084 1910 1193 1970 hac
1216 1908 1337 1970 visa
1356 1910 1485 1970 luce
1513 1909 1786 1988 resurgit.

452 2058 543 2129 Et
568 2057 643 2129 in
677 2059 1195 2157 superliminari
1231 2083 1247 2132 ε

510 2226 744 2306 Suscipe
766 2238 903 2287 vota
931 2224 1037 2300 tui,
1058 2224 1243 2307 judex
1264 2225 1545 2301 districte,
1572 2224 1818 2305 Sugerit,

504 2322 663 2381 Inter
685 2340 817 2381 oves
840 2321 1109 2402 proprias
1133 2322 1222 2380 fac
1255 2340 1347 2381 me
1372 2320 1684 2381 elementer
1715 2317 1943 2381 haberi.

603 2528 915 2599 XXVIII.
959 2530 1069 2597 De
1103 2542 1485 2625 augmento
1514 2524 1902 2623 superiori-s·
1917 2524 2186 2621 partis.
2268 2610 2274 2617 .

438 2724 715 2799 Eodem
748 2752 919 2802 vero
967 2753 1189 2821 anno,
1225 2744 1374 2801 tam
1404 2743 1650 2800 sancto
1674 2742 1747 2800 et
1790 2741 1939 2799 tam
1970 2725 2203 2798 fausto
2233 2750 2450 2824 opere

334 2839 739 2935 exhilarati,
781 2842 875 2915 ad
926 2843 1407 2916 inchoandam
1460 2845 1535 2915 in
1577 2844 1926 2941 superiori
1957 2856 2160 2940 parte
2189 2840 2444 2915 divinae

328 2958 863 3059 propitiationis
910 2982 1296 3051 cameram,
1348 2960 1423 3031 in
1472 2984 1615 3057 qua
1638 2958 1824 3055 jugis
1862 2972 1934 3029 et
1966 2957 2300 3056 frequens
2332 2982 2443 3031 re-

333 3072 775 3170 demptionis
812 3089 1073 3147 nostrae
1118 3073 1345 3147 hostia
1391 3072 1664 3171 absque
1691 3072 2070 3145 turbarum
2117 3073 2441 3146 molestia

338 3202 617 3263 secreto
648 3189 1011 3262 immolari
1053 3188 1335 3281 debeat,
1376 3188 1944 3262 acceleravimus.
1985 3190 2074 3260 Et
2100 3189 2449 3285 quemad-

332 3302 639 3377 modum
672 3305 743 3376 in
778 3306 1043 3404 scripto
1089 3304 1644 3378 consecrationis
1689 3303 2006 3400 ejusdem
2061 3302 2446 3401 superioris

334 3419 575 3518 operis
639 3419 1000 3492 invenitur
1017 3473 1038 3511 ‚
1096 3423 1251 3491 Deo
1318 3434 1748 3518 cooperante
1797 3434 1868 3491 et
1911 3442 2044 3490 nos
2089 3430 2161 3487 et
2205 3430 2450 3489 nostra

331 3550 821 3633 prosperante,
878 3559 1047 3608 cum
1100 3534 1441 3607 fratribus
1484 3549 1558 3607 et
1590 3533 1954 3607 conservis
2003 3530 2265 3602 nostris
2297 3544 2448 3603 tam

333 3666 687 3745 sanctum,
738 3666 889 3723 tam
926 3650 1349 3746 gloriosum,
1389 3665 1535 3722 tam
1582 3650 1942 3723 famosum
1971 3668 2153 3743 opus
2184 3642 2278 3715 ad
2309 3644 2446 3717 bo-

344 3791 525 3839 num
571 3767 868 3864 perduci
914 3766 1135 3839 finem
1184 3764 1746 3839 misericorditer
1799 3760 2125 3835 obtinere
2183 3761 2452 3833 merui·

336 3907 535 3974 mus3
554 3897 757 3955 tanto
783 3887 937 3955 Deo
959 3882 1361 3981 sanctisque
1383 3877 1817 3979 Martyribus
1829 3873 2149 3967 obnoxii,
2177 3890 2448 3974 quanto

336 3998 601 4071 nostris
647 3998 1089 4099 temporibus
1136 4011 1210 4072 et
1256 3994 1629 4071 laboribus
1663 4008 1812 4067 tam
1865 3989 1992 4064 diu
2045 3988 2448 4066 differendo

420 4236 477 4295 1.
522 4238 629 4294 Ηίι·
659 4234 789 4295 cod.
835 4254 971 4307 ms„
1012 4247 1078 4294 ut
1128 4232 1281 4295 infra
1322 4229 1558 4313 pluries.
