3275 5317
751 492 825 547 ¹6
1169 488 1495 545 OEnvnsss
1539 472 1963 547 COMPLETES
2004 489 2104 544 DE
2144 487 2407 546 SUGER.

748 620 884 691 bro
915 621 1346 718 percutienS,
1374 618 1644 691 nullam
1676 618 1821 719 pati
1855 619 2181 714 dignatus
2202 632 2307 691 est
2327 618 2688 717 repulsam
2729 644 2863 692 nec

749 734 1111 826 recedere,
1151 735 1380 807 donec
1403 760 1569 807 cum
1600 734 2033 832 supellectile
2050 748 2283 807 totum
2302 750 2615 807 castrum
2638 762 2863 834 usque

752 852 846 922 ad
895 852 1110 923 turris
1172 849 1622 949 procinctum
1679 848 2011 921 incendio
2036 852 2053 886 ¹
2076 851 2580 925 concremavit.
2644 856 2866 924 Tanta

754 966 892 1037 viri
927 982 1080 1038 erat
1109 967 1544 1058 animositaS,
1582 980 1665 1038 ut
1698 990 1831 1038 nec
1873 963 2287 1037 incendium
2340 966 2697 1039 declinare
2745 992 2867 1039 cu-

757 1097 974 1172 raret,
1028 1107 1218 1159 cum.
1252 1097 1324 1155 et
1382 1084 1446 1155 ei
1491 1098 1565 1155 et
1625 1081 1960 1153 exercitui
2002 1081 2485 1178 periculosum
2521 1098 2727 1171 esset,
2794 1098 2868 1155 et

757 1199 990 1270 multo
1017 1213 1342 1298 tempore
1374 1199 1760 1270 maximam
1791 1198 1858 1269 ei
1892 1198 2309 1270 raucitatem
2328 1214 2717 1294 generaret.
2750 1200 2868 1271 Sic

757 1314 1211 1388 humiliatum
1245 1316 1317 1386 in
1349 1314 1651 1387 brachio
1680 1314 1959 1386 virtutis
1986 1316 2143 1405 Dei,
2179 1314 2306 1410 qui
2336 1313 2413 1385 in
2440 1340 2647 1388 causa
2680 1330 2863 1406 erat,

759 1429 1162 1525 subjectum
1193 1445 1534 1528 tauquam
1583 1429 1946 1520 clinicum,
1998 1430 2381 1501 voluntatis
2426 1454 2567 1503 suae
2610 1430 2871 1504 ditioni

761 1544 1180 1643 subjugavit.

860 1666 983 1732 III.
1037 1666 1311 1733 Interea
1345 1662 1947 1733 Bellimontensis'
1969 1684 2210 1733 comes
2226 1661 2589 1735 Matthaeus
2618 1676 2871 1734 contra

765 1780 1142 1871 Hugonem
1169 1775 1859 1868 Claromontensem,
1894 1776 2126 1847 virum
2162 1774 2510 1867 nobilem,
2556 1776 2681 1848 sed
2712 1801 2871 1849 mo·

765 1890 985 1962 bilem
1029 1906 1100 1963 et
1143 1892 1562 1990 simplicem,
1633 1893 1835 1990 cujus
1886 1892 2105 1965 filiam
2165 1891 2467 1965 duxerat
2510 1916 2868 1991 sponsam,

765 2006 982 2101 longo
1022 2008 1243 2079 animi
1304 2031 1602 2081 rancore
1675 2007 2158 2107 contendens,
2216 2023 2527 2083 castrum
2585 2007 2875 2081 nomine

767 2123 1287 2214 Lusarchium³,
1316 2126 1518 2222 cujus
1547 2122 2004 2197 medietatem
2048 2148 2257 2197 causa
2302 2124 2609 2222 conjugii
2650 2148 2879 2197 susce-

765 2253 994 2337 perat,
1025 2253 1263 2311 totum
1293 2242 1704 2340 occupare⁸,
1743 2242 2001 2312 turrim
2032 2240 2167 2313 sibi
2197 2242 2415 2313 armis
2460 2255 2533 2313 et
2590 2254 2879 2311 armatis

767 2353 1014 2449 satagit
1063 2354 1373 2428 munire.
1420 2354 1610 2443 Quid
1656 2354 1920 2427 faceret
1976 2360 2205 2453 Hugo,
2266 2380 2483 2454 quam
2536 2355 2733 2453 quod
2784 2354 2881 2426 ad

767 2470 966 2563 regni
1017 2466 1466 2542 defensorem
1504 2471 1870 2562 festinam,
1906 2470 2211 2569 pedibus
2255 2472 2404 2567 ejus
2452 2486 2875 2569 prostratus.

768 2582 1045 2656 obortis
1070 2584 1429 2682 lacrymis,
1461 2585 1811 2684 supplicat
1841 2601 1922 2657 ut
1951 2587 2098 2657 seni
2140 2585 2687 2678 condescendat,
2725 2609 2881 2680 gra-

775 2700 1052 2771 vissime
1077 2716 1364 2794 gravato
1398 2725 1613 2798 opem
1646 2701 1865 2772 ferat?
1906 2731 1939 2767 c<
1976 2701 2191 2792 Malo,
2221 2702 2483 2800 inquit,
2524 2702 2882 2773 carissime

772 2812 1088 2907 domine,
1125 2831 1197 2886 te
1231 2830 1500 2887 terram
1517 2839 1754 2887 meam
1788 2830 2015 2887 totam
2045 2816 2339 2907 habere,
2361 2817 2529 2914 quia
2556 2840 2599 2889 a
2636 2832 2705 2888 te
2724 2840 2883 2886 eam

771 2928 1030 3020 habe0,
1063 2955 1282 3026 quam
1317 2954 1532 3025 gener
1557 2954 1761 3003 meus
1780 2930 2081 3027 degener
2107 2932 2296 3005 hanc
2326 2931 2613 3004 habeat.
2638 2930 2884 3002 Emori

771 3044 1010 3142 cupi0,
1051 3044 1110 3117 si
1129 3068 1288 3117 eam
1319 3044 1614 3117 auferat.
1662 3074 1693 3113 υ
1730 3046 1945 3144 Cujus
1976 3046 2469 3144 lachrymabili
2488 3045 2887 3119 calamitate

771 3161 1015 3235 animo
1075 3174 1546 3260 compunctus
1571 3214 1591 3253 ,
1663 3162 2131 3234 amicabiliter
2202 3188 2495 3236 manum
2552 3161 2881 3261 porrigit,

773 3274 1144 3370 suffragari
1200 3274 1580 3373 promittit,
1635 3300 1759 3373 spe
1810 3275 2308 3349 exhilaratum⁸
2338 3276 2637 3348 remittit
2675 3301 2693 3345 ε
2728 3299 2891 3373 spes

775 3404 1012 3462 autem
1074 3416 1218 3463 non
1254 3389 1618 3489 confundit
1635 3396 1681 3461 ⁸.
1750 3390 2102 3463 Velociter
2146 3390 2499 3489 siquidem
2551 3390 2643 3463 de
2694 3390 2893 3463 curia

858 3599 918 3657 1.
959 3603 1034 3656 In
1057 3600 1262 3676 medio,
1291 3598 1623 3676 perperam,
1656 3600 1793 3671 135,
1816 3594 2067 3676 itemque
2090 3596 2223 3657 edd.
2260 3598 2461 3659 Germ.
2485 3608 2545 3655 et
2568 3594 2779 3656 Chesn.

857 3690 916 3745 2.
949 3693 1299 3748 Bellimontis
1341 3694 1479 3749 5113.

860 3785 924 3841 3.
957 3784 1300 3841 Lusarclmm
1328 3783 1424 3843 ed.
1455 3785 1651 3843 Germ.
1686 3780 1872 3860 Vulgo
1899 3782 2215 3841 Lazari-hes
2238 3781 2727 3863 (δεῖκαὶ-Οἶσθ).

858 3877 919 3933 4.
966 3881 1214 3952 Occupat
1243 3880 1397 3936 6265
1421 3887 1481 3935 et
1505 3877 1725 3935 12710.

862 3972 920 4027 5.
965 3968 1368 4025 Exhilaratum
1414 3980 1667 4046 quatuor
1706 3968 1882 4028 codd.
1926 3980 1985 4027 et
2024 3966 2119 4031 ed.
2152 3968 2369 4032 Bened.
2396 4000 2473 4015 --
2514 3970 2888 4043 Exbt'latum,

783 4060 1079 4134 mendose,
1120 4065 1258 4120 135.
1296 4092 1376 4106 —
1415 4064 1741 4119 Exn-statum
1783 4061 1919 4121 edd.
1972 4062 2169 4121 Germ.
2208 4075 2267 4123 et
2304 4057 2555 4133 chesnii,
2596 4060 2697 4141 qui
2735 4060 2895 4120 velut

784 4150 954 4213 aliam
985 4152 1288 4213 lectionem
1315 4153 1479 4213 addit
1503 4153 1561 4213 in
1590 4152 1851 4233 margine
1875 4156 2281 4217 exhilaratum.

865 4248 926 4307 6.
971 4245 1132 4307 Pauli
1161 4260 1348 4328 apost.
1379 4248 1456 4309 ad
1483 4252 1798 4321 RomanOS,
1828 4268 1889 4323 v,
1924 4254 1985 4312 5.
