3275 5317
820 522 933 579 aar.
1252 520 1579 579 OEuvass
1616 504 2040 579 commas
2079 522 2182 577 De
2222 520 2492 580 suem.

821 666 977 722 tum
996 702 1017 740 ,
1064 617 1215 747 ⁸qui
1274 648 1656 745 objurgare
1723 648 1986 722 liberos
2048 674 2574 747 nonnunquam
2633 650 2930 741 blande,

820 791 1014 839 nunc
1043 789 1218 837 vero
1248 764 1623 837 minaciter
1657 766 1916 857 solent,
1951 764 2344 863 aliquando
2393 768 2609 839 etiam
2657 792 2930 839 ammo-

822 905 995 954 nere
1040 880 1484 952 verberibus.
1524 881 1900 951 Neminem
1957 880 2057 953 ob
2118 880 2427 978 primam
2465 880 2934 953 exhaeredavit

823 996 1202 1085 offensam,
1242 994 1380 1067 nisi
1411 994 1641 1067 multa
1674 1010 1749 1068 et
1779 1020 2038 1091 magna
2065 1010 2388 1069 extarent
2420 996 2752 1085 crimina,
2803 996 2932 1067 nisi

825 1112 987 1211 plus
1020 1125 1204 1183 esset
1251 1110 1452 1209 quod
1483 1110 1807 1183 futurum
1848 1110 2146 1183 timebat
2180 1134 2400 1209 quam
2443 1110 2646 1207 quod
2688 1112 2932 1208 punie-

828 1225 999 1315 bat3
1030 1248 1166 1297 nec
1186 1223 1283 1298 ad
1302 1224 1646 1323 supplicia
1677 1250 1999 1323 unquam
2032 1222 2372 1321 exigenda
2405 1224 2760 1323 pervenit,
2801 1224 2934 1295 nisi

828 1364 997 1413 cum
1039 1337 1359 1413 remedia
1396 1341 1974 1437 consumpsisset.
2013 1344 2122 1411 Ita
2147 1341 2257 1410 vir
2300 1340 2620 1437 prudens
2656 1340 2776 1436 jus
2805 1337 2933 1409 sibi

830 1478 1253 1530 concessum
1278 1454 1560 1553 placide
1589 1479 1674 1527 ac
1725 1455 2111 1529 salubriter
2142 1455 2600 1554 dispensavit,
2633 1470 2718 1527 ut
2753 1454 2931 1527 illius

824 1570 1046 1643 hodie
1097 1594 1364 1643 nomen
1399 1594 1547 1642 non
1582 1584 1864 1642 tantum
1893 1571 1968 1643 in
2003 1570 2278 1659 Galliis,
2323 1571 2447 1643 sed
2485 1586 2559 1642 et
2605 1570 2684 1641 in
2715 1570 2929 1666 genti·

825 1685 963 1758 bus
990 1685 1395 1757 celebretur
1418 1685 1694 1755 exteris.

921 1800 1101 1887 Quis
1138 1799 1333 1871 enim
1374 1823 1621 1894 regum
1673 1798 2256 1893 christianorum,
2293 1800 2536 1873 audita
2579 1800 2770 1872 illius
2799 1824 2930 1871 ma·

828 1914 1287 2011 gnanimitate
1302 1969 1323 2000 ‚
1358 1937 1507 1985 non
1538 1913 1938 2012 obstupuit,
1977 1940 2126 1987 non
2151 1914 2302 2012 ejus
2331 1915 2749 2014 concupivit
2791 1913 2925 1986 col-

829 2030 1078 2129 loquio
1104 2030 1274 2121 frui,
1308 2029 1609 2104 consilio
1644 2030 1945 2103 instrui?
1966 2035 2220 2106 Nonne
2238 2032 2407 2106 huic
2428 2032 2928 2105 famosissimus

830 2171 956 2218 rex
984 2144 1236 2217 Siciliae
1266 2148 1579 2241 Rogerus
1606 2146 1877 2218 litteras
1906 2147 2103 2219 misit
2136 2148 2492 2247 supplices
2517 2163 2592 2219 et
2615 2147 2930 2245 deprem-

829 2262 1073 2352 toriaS,
1110 2286 1193 2332 ac
1224 2285 1519 2333 munera
1554 2260 1986 2334 destinavit?
2013 2267 2264 2336 Nonne
2284 2263 2576 2359 cognito
2597 2277 2768 2361 post
2797 2260 2932 2333 haec

828 2378 955 2476 pio
987 2378 1139 2473 ejus
1168 2376 1670 2475 peregrinandi
1697 2376 2078 2472 desiderio,
2109 2378 2215 2451 illi
2245 2384 2666 2477 praeparavit
2693 2403 2929 2451 occur·

834 2492 1040 2564 rere?
1084 2492 1620 2563 Potentissimus
1661 2494 1950 2591 quoque
1982 2519 2104 2565 rex
2143 2492 2538 2590 Anglorum
2591 2494 2932 2565 Hem-icus

832 2632 1073 2680 nonne
1110 2607 1243 2679 viri
1290 2606 1491 2679 istius
1528 2608 1838 2679 amicitia
1881 2608 2318 2704 gloriabatur
2357 2625 2430 2681 et
2469 2608 2930 2682 familiaritate

829 2720 1234 2817 gaudebat?
1285 2725 1535 2793 Nonne
1576 2720 1772 2795 hunc
1811 2723 2006 2822 apud
2043 2728 2488 2797 Francorum
2525 2748 2775 2820 regem
2807 2728 2932 2797 Lu-

831 2836 1169 2909 dovicum
1210 2837 1686 2909 mediatorem
1733 2836 1868 2911 sibi
1909 2853 1980 2912 et
2027 2840 2218 2938 pacis
2261 2838 2630 2912 vinculum
2678 2838 2930 2911 consti-

833 2954 1113 3024 tuerat?
1145 2950 1254 3025 Ad
1302 2976 1521 3051 quem
1554 2976 1690 3051 pro
1723 2954 2092 3052 utriusque
2139 2956 2340 3051 regni
2385 2979 2564 3054 pace
2613 2954 2930 3052 quotiens

832 3066 1235 3139 accessisset
1250 3121 1271 3155 ,
1332 3092 1453 3138 rex
1486 3067 1591 3139 illi
1634 3084 1889 3166 praeter
1935 3093 2218 3141 morem
2253 3094 2466 3142 suum
2511 3084 2714 3141 extra
2743 3066 2930 3169 pala-

829 3182 1013 3255 tium
1044 3182 1495 3275 occurrebat,
1532 3198 1748 3281 atque
1779 3184 1852 3257 in
1886 3185 2036 3283 ejus
2065 3184 2503 3285 properabat
2527 3185 2924 3283 amplexus:

833 3298 1096 3397 quippe
1117 3298 1319 3393 cujus
1350 3298 1793 3396 colloquium
1823 3298 2193 3398 quibusvis
2209 3300 2630 3400 praeferebat
2655 3300 2926 3399 opibus.

831 3414 974 3486 Sed
1010 3430 1083 3487 et
1111 3414 1369 3506 David,
1396 3413 1763 3509 religiosus
1790 3418 2166 3487 Scotorum
2195 3442 2340 3509 rex,
2371 3417 2622 3489 exenia
2645 3416 2750 3488 illi
2785 3439 2938 3488 cum

834 3528 1151 3627 epistolis
1204 3526 1669 3601 familiaribus
1713 3528 1996 3621 direxit,
2043 3530 2339 3603 marinae
2387 3530 2654 3603 scilicet
2697 3528 2936 3603 belluae

834 3642 1087 3715 dentes
1146 3644 1345 3717 mirae
1389 3644 1902 3741 magnitudinis
1940 3660 2012 3717 et
2047 3670 2197 3718 non
2233 3646 2435 3745 parvi
2472 3646 2714 3745 pretii.
2751 3644 2933 3731 vidi,

834 3760 986 3827 Deo
1024 3769 1235 3845 teste,
1284 3756 1429 3828 vidi
1476 3755 1863 3855 aliquando
1893 3756 2065 3829 huic
2100 3760 2173 3830 in
2199 3741 2462 3830 humili
2485 3757 2939 3856 subpedaneo

832 3868 1173 3943 residenti
1203 3875 1639 3949 Francorum
1667 3894 1905 3967 regem
1939 3888 2346 3945 reverenter
2381 3874 2736 3964 assistere,
2765 3872 2938 3971 opti·

836 3999 1117 4057 matum
1146 3986 1658 4059 circumstante
1693 4010 1988 4079 corona,
2025 4003 2097 4059 et
2136 3987 2334 4061 hunc
2371 3987 2571 4086 quasi
2604 3987 2938 4061 inferiori-

836 4097 975 4173 bus
1008 4118 1354 4199 praecepta
1386 4101 1803 4195 dictantem,
1835 4102 1994 4177 illos
2025 4129 2195 4177 vero
2225 4129 2392 4179 cum
2417 4105 2623 4177 omni
2651 4105 2936 4203 diligen-

834 4216 930 4288 tia
962 4231 1034 4288 et
1064 4217 1457 4291 intentione
1487 4218 1581 4293 ad
1611 4244 1694 4291 ea
1718 4244 1875 4318 quoe
1897 4219 2320 4297 dicebantur
2345 4246 2753 4321 suspensos.
2787 4224 2934 4309 Quo
