3275 5317
861 574 936 631 66
1050 640 1059 649 ‚
1281 562 1611 623 OEuvans
1651 544 2078 622 comrm'ms
2117 560 2216 617 m:
2267 558 2535 619 susan.

858 698 1297 773 horribiliter
1344 696 1874 769 vociferantur:
1931 708 2056 765 aut
2127 692 2426 783 faciant,
2484 706 2606 763 aut
2659 690 2956 763 similem

858 815 1313 915 proditorum
1345 836 1660 910 poenam,
1704 825 2044 907 tanquam
2073 808 2619 898 consentienteS,
2664 806 2956 877 sortian-

864 946 1004 1002 tur.
1051 934 1211 1017 Qua
1257 927 1549 1000 audacia
1578 942 1650 998 et
1689 928 1947 997 timore
1989 924 2461 997 renitentibus
2487 920 2954 1019 juratoribuS,

862 1045 988 1143 qui
1047 1070 1195 1115 non
1241 1045 1658 1142 juraverant
1707 1043 1782 1112 in
1845 1066 1966 1114 eos
2016 1039 2472 1139 praevalendo
2495 1092 2514 1129 ,
2575 1036 2958 1109 insilientes

860 1155 1109 1251 gladiis
1142 1179 1261 1227 eos
1298 1156 1830 1251 aggrediuntur,
1866 1154 2123 1250 impios
2151 1152 2270 1250 pie
2316 1148 2700 1239 trucidant,
2739 1172 2960 1220 mem·

858 1269 1012 1341 bris
1058 1270 1466 1362 emutilant,
1512 1268 1688 1341 alios
1735 1267 2138 1339 dulcissime
2157 1272 2174 1305 ¹
2214 1268 2628 1356 eviscerant,
2663 1280 2734 1337 et
2769 1264 2962 1360 quic-

864 1385 1041 1482 quid
1084 1384 1438 1457 crudelius
1479 1384 1724 1455 mitius
1762 1398 2172 1480 reputantes
2217 1384 2290 1453 in
2342 1406 2462 1453 eos
2521 1394 2956 1475 exaggerant.

864 1506 922 1571 N
928 1526 1007 1571 ec
1050 1498 1603 1573 discredendum
1637 1514 1739 1571 est
1781 1498 2099 1571 divinam
2135 1522 2430 1571 manum
2475 1513 2624 1569 tam
2663 1496 2963 1567 celerem

864 1631 1255 1687 maturasse
1308 1616 1690 1707 ultionem,
1753 1640 1919 1686 cum
1974 1629 2044 1685 et
2092 1638 2222 1711 per
2267 1614 2601 1685 fenestras
2653 1611 2802 1681 vivi
2851 1625 2966 1681 aut

864 1730 1129 1801 mortui
1160 1729 1655 1827 projiciuntur,
1693 1743 1765 1801 et
1797 1727 2192 1799 innumeris
2219 1728 2480 1822 sagittis
2495 1724 2966 1800 hericiorum²

865 1868 1065 1915 more
1100 1842 1393 1941 hispidi,
1426 1843 1841 1941 cuspidibus
1871 1842 2280 1915 lancearum
2303 1843 2375 1912 in
2401 1865 2561 1912 aere
2579 1840 2963 1926 vacantes⁸,

864 1985 948 2033 ac
980 1960 1037 2031 si
1071 1984 1191 2031 eos
1228 1974 1415 2031 terra
1466 1959 1765 2055 rejiciat,
1803 1959 2197 2031 vibrantur.
2251 1964 2450 2035 Hane
2479 1972 2722 2035 autem
2754 1955 2965 2029 inusi-

864 2090 1013 2146 tato
1056 2074 1244 2148 facto
1284 2075 1688 2151 inusitatam
1732 2075 2100 2172 reperiunt
2137 2074 2515 2167 ultionem,
2569 2072 2775 2170 quod
2809 2071 2966 2168 quia

861 2214 1114 2263 vecors
1146 2190 1349 2263 vivus
1384 2191 1639 2283 fuerat,
1695 2206 2024 2263 mortuus
2073 2206 2180 2262 est
2215 2188 2664 2262 excordatus
2711 2190 2848 2259 Cor
2879 2185 2966 2256 si-

864 2305 1160 2402 quidem
1206 2307 1384 2377 extis
1430 2320 1784 2405 ereptum,
1818 2306 2070 2377 fraude
2099 2321 2170 2377 et
2201 2305 2574 2402 iniquitate
2609 2302 2970 2398 turgidum

863 2419 1027 2516 palo
1053 2421 1462 2517 imponunt,
1498 2420 1595 2493 ad
1619 2421 2262 2519 repraesentandam
2287 2420 2680 2518 iniquitatis
2701 2416 2968 2491 vindic-

866 2550 1040 2626 tam,
1088 2536 1333 2607 multis
1383 2534 1638 2607 diebus
1680 2552 1877 2609 certo
1918 2537 1991 2607 in
2029 2535 2189 2609 loco
2228 2534 2554 2632 infigunt.
2615 2532 2972 2606 Cadavera

866 2676 1037 2723 vero
1063 2666 1211 2722 tam
1244 2649 1432 2722 illius
1457 2676 1676 2749 quam
1705 2650 2190 2748 quorumdam
2221 2648 2972 2747 sociorum,comp0si-

868 2765 955 2838 tis
988 2766 1207 2857 cleiiS,
1258 2767 1501 2837 rastris
1550 2782 1619 2838 et
1659 2766 1950 2839 funibus
1987 2767 2444 2864 superligata,
2495 2791 2626 2865 per
2675 2765 2971 2837 fluvium

866 2882 1206 2977 Sequanae
1239 2880 1627 2953 demittunt
1661 2884 1708 2969 ⁸,
1750 2896 1832 2951 ut
1863 2883 1920 2955 si
1964 2882 2148 2954 forte
2188 2906 2413 2978 usque
2465 2885 2936 2975 Rotomagum
2959 2880 2979 2913 ⁵

869 2996 1212 3068 fluctuare
1261 3022 1407 3067 non
1448 2997 1952 3095 impediantur,
2002 2998 2428 3095 proditionis
2471 2998 2822 3071 ultionem
2858 3022 2975 3068 os-

868 3122 1173 3200 tentent,
1206 3124 1279 3182 et
1306 3109 1430 3208 qui
1464 3113 1830 3184 Franciam
1860 3128 2367 3185 momentaneo
2396 3113 2647 3185 foetore
2677 3112 2984 3185 foedave-

870 3238 1057 3317 rant‚
1094 3225 1366 3297 mortui
1412 3229 1919 3299 Normanniam
1962 3227 2324 3325 deincepS,
2377 3243 2716 3324 tanquam
2751 3227 2980 3300 natale

866 3348 1130 3437 solum,
1166 3346 1431 3421 foedare
1453 3373 1603 3421 non
1631 3349 1995 3424 desistant.

968 3466 1189 3535 XVII.
1232 3464 1503 3535 Raritas
1539 3462 1711 3535 fidei
1764 3465 1928 3538 facit
1971 3481 2052 3538 ut
2091 3467 2340 3566 saepius
2374 3467 2563 3539 mala
2591 3492 2724 3565 pro
2771 3465 2984 3539 bonis

868 3602 1085 3676 quam
1122 3580 1317 3652 bona
1359 3580 1759 3653 reddantur
1806 3606 1941 3678 pro
1985 3582 2213 3655 malis.
2249 3583 2566 3657 Alterum
2605 3583 2979 3671 divinum3

869 3695 1173 3767 alterum
1208 3721 1341 3767 nec
1395 3696 1728 3767 divinum
1762 3722 1895 3768 nec
1931 3697 2366 3772 humanum:
2405 3698 2486 3771 fit
2521 3714 2788 3771 tamen.
2827 3702 2987 3785 Qua

956 3912 983 3965 1
999 3951 1016 3967 .
1048 3912 1389 3967 Dulcissime
1414 3908 1585 3969 codd.
1616 3928 1838 3969 omnes,
1867 3942 1950 3955 -
1975 3914 2293 3971 Durissime
2311 3914 2448 3972 edd.

954 4000 1014 4062 2.
1058 3996 1151 4057 Sic
1193 3996 1309 4057 duo
1352 3997 1520 4057 codd.
1572 4011 1631 4058 et
1663 3998 1804 4059 edit.
1841 4000 2138 4061 Benedict.
2167 4032 2244 4048 —·
2272 4005 2614 4061 Hirt‘tiorum
2663 4002 2808 4075 ¹35,
2847 4002 2984 4064 543,

877 4092 1094 4150 19:710.
1126 4122 1203 4133 —
1230 4094 1577 4164 Hyritiorum
1604 4088 1838 4169 reliquae
1864 4092 1996 4152 edd.

958 4187 1013 4245 3,
1046 4188 1335 4259 Vagantes
1358 4182 1471 4261 legi
1499 4183 1701 4243 volunt
1722 4186 2098 4245 Benedictini.

960 4279 1017 4333 4.
1055 4280 1358 4335 Demittunt
1388 4280 1609 4340 12710.
1632 4312 1711 4328 ---
1733 4283 1791 4338 5.
1820 4281 2222 4358 Rothomagum
2256 4284 2393 4341 135.
