3275 5317
848 584 961 640 128
1280 580 1606 636 onnvnsss
1645 560 2074 637 commiss
2112 580 2213 633 na
2253 578 2519 635 sUcER.

845 736 1061 811 quam
1094 736 1301 785 canes
1352 712 1426 782 in
1468 710 1712 783 relicta
1753 710 2095 783 cadavera
2131 708 2717 798 debacchantes¹,
2751 710 2950 781 inno-

845 845 1127 901 centem
1203 826 1469 898 laniare
1530 824 1933 921 gaudebant
1965 878 1984 915 ,
2049 848 2502 923 summopere
2575 823 2952 920 gloriantes

845 943 1046 1041 quod
1089 966 1304 1042 opere
1353 942 1715 1041 complere
1779 956 2163 1039 potuerant
2207 964 2427 1038 quem
2475 954 2952 1039 conceperant

847 1058 1173 1131 dolorem
1218 1072 1287 1129 et
1312 1081 1527 1153 quam
1569 1072 1992 1156 pepererant
2027 1056 2473 1154 iniquitatem
2502 1060 2549 1128 ¹.
2591 1060 2678 1128 Et
2725 1080 2946 1154 appo-

843 1189 1093 1247 nentes
1142 1172 1585 1269 iniquitatem
1627 1198 1840 1272 super
1879 1174 2356 1269 iniquitatem,
2390 1187 2640 1272 utpote
2683 1171 2952 1243 malitia

847 1315 972 1363 sua
1014 1290 1363 1379 excaecati,
1424 1312 1916 1387 quoscumque
1963 1288 2406 1377 castellatum,
2461 1310 2952 1385 quoscumque

846 1404 1233 1479 nobiliores
1258 1404 1539 1476 comitis
1568 1405 1901 1495 barones,
1935 1404 2080 1475 sive
2110 1406 2184 1477 in
2209 1404 2460 1477 eadem
2488 1402 2782 1475 ecclesia
2806 1403 2953 1474 sive

847 1537 1043 1594 extra
1076 1520 1151 1593 in
1180 1535 1413 1593 castro
1460 1519 1823 1593 offendere
1864 1536 2225 1620 poterant,
2263 1519 2746 1593 infelicissimo
2807 1519 2948 1591 mi·

846 1662 1015 1709 serae
1046 1638 1295 1709 mortis
1330 1660 1612 1733 genere,
1651 1636 2038 1735 imparatos
2069 1661 2204 1708 nec
2233 1635 2598 1709 confessos
2635 1634 2951 1707 trucida-

846 1751 1043 1823 bant.
1083 1751 1361 1838 Quibus
1385 1767 1622 1825 tamen
1661 1751 1999 1851 prodesse
2028 1751 2229 1824 valde
2255 1751 2719 1842 arbitramur,
2751 1750 2952 1848 quod

847 1891 981 1964 pro
1028 1866 1365 1939 fidelitate
1402 1865 1680 1939 domini
1724 1868 1831 1938 sui
1895 1867 2129 1939 taliter
2169 1867 2482 1958 mactati,
2536 1866 2611 1938 in
2665 1864 2954 1937 ecclesia

846 1997 1129 2055 orantes
1142 1992 1309 2054 sunt
1342 1983 1635 2081 reperti,
1651 2007 1818 2055 cum
1835 1983 2180 2081 scriptum
2195 1983 2284 2055 sit
2313 2010 2330 2053 :
2359 1981 2496 2055 Ubi
2514 2000 2580 2055 te
2597 1984 2948 2072 invenem,

847 2096 945 2167 ibi
976 2113 1041 2169 te
1053 2094 1447 2195 judicabo&
1505 2098 1859 2170 Comitem
1898 2122 2071 2171 vero
2112 2114 2346 2171 truces
2377 2100 2450 2169 in
2485 2099 2636 2198 ipsa
2663 2094 2954 2170 ecclesia

847 2212 1319 2307 tumulantes,
1390 2238 1481 2286 ne
1554 2212 1956 2286 honorifice
2023 2230 2220 2286 extra
2283 2214 2833 2312 deplangeretur
2885 2228 2960 2286 et

844 2328 1283 2427 sepeliretur,
1328 2344 1398 2401 et
1433 2354 1569 2429 pro
1614 2330 1922 2425 gloriosa
1961 2330 2104 2403 vita
2148 2345 2219 2402 et
2269 2329 2679 2427 gloriosiore
2722 2344 2954 2403 morte

846 2445 1147 2518 devotus
1182 2445 1488 2544 populus
1527 2446 1601 2517 in
1653 2445 1806 2542 ejus
1855 2444 2199 2519 ultionem
2250 2446 2688 2539 incitaretur,
2731 2446 2953 2518 eccle-

845 2561 1023 2634 siam
1045 2562 1274 2659 ipsam
1297 2561 1714 2660 speluncam
1734 2560 2094 2635 latronum
2113 2577 2523 2654 statuentes,
2555 2577 2706 2634 tam
2731 2563 2958 2661 ipsam

844 2700 1060 2775 quam
1093 2676 1373 2748 comitis
1417 2675 1721 2749 domum
1765 2676 2072 2750 ecclesiae
2113 2676 2572 2751 inhaerentem
2625 2677 2952 2749 munive-

846 2808 1041 2883 runt,
1093 2806 1161 2863 et
1205 2792 1776 2891 quibuscumque
1813 2795 2076 2893 paratis
2107 2793 2520 2867 victualium
2566 2792 2949 2885 alimentis,

847 2920 917 2976 et
956 2908 1221 3004 seipsos
1264 2906 1518 2980 exinde
1573 2924 1973 3006 protegere,
2040 2925 2111 2982 et
2171 2924 2438 2982 terram
2496 2908 2634 2982 sibi
2672 2908 2956 2983 allicere

846 3044 1127 3093 summa
1150 3022 1482 3121 superbia
1511 3021 1937 3097 deliberant.

942 3138 1143 3209 Tanti
1182 3138 1399 3232 igitur
1445 3154 1514 3210 et
1548 3154 1698 3211 tam
1743 3140 2067 3213 scelerati
2096 3138 2400 3214 horrore
2427 3141 2594 3214 facti
2624 3137 2945 3229 attoniti,

847 3250 973 3349 qui
1016 3250 1129 3324 his
1164 3276 1312 3323 non
1354 3258 1884 3327 consenserant*
1928 3254 2269 3329 Flandriae
2303 3254 2948 3350 barones‚·lachry-

926 3528 987 3586 1.
1021 3525 1375 3586 omittuntur
1416 3527 1476 3586 in
1514 3528 1649 3589 cod.
1687 3532 1884 3589 12710
1921 3528 2098 3589 verba
2135 3531 2256 3591 haec
2295 3552 2311 3590 ε
2361 3536 2654 3609 Tanquam
2687 3552 2852 3591 omes
2891 3536 2957 3587 in

846 3622 1049 3678 relicta
1072 3622 1352 3679 cadavera
1370 3621 1794 3683 debacchantes.

924 3713 983 3769 2.
1012 3713 1276 3773 Meminit
1306 3716 1581 3793 sugerius
1614 3716 1826 3776 Psalmi
1878 3739 1981 3792 vu,
2041 3723 2116 3779 15
2143 3740 2158 3779 ε
2201 3722 2465 3798 Concepit
2497 3722 2744 3781 dolorem
2768 3734 2824 3779 ee
2843 3740 2956 3797 pe-

838 3809 994 3879 perit
1021 3811 1398 3883 im‘qm'eatem.

928 3899 988 3956 3.
1020 3900 1158 3957 Haec
1198 3900 1371 3961 verba
1402 3900 1461 3961 in
1494 3901 1671 3962 sacris
1703 3902 2012 3984 scripturis
2047 3908 2329 3985 nusquam
2364 3920 2698 3967 occurrunt.
2739 3904 2962 3967 Auudit

846 3987 1041 4047 forsan
1064 3992 1335 4069 Sagen-ius
1351 3994 1423 4053 ad
1443 3992 1553 4054 ista
1572 3996 1906 4073 Ezechielis,
1957 4018 2086 4079 cap.
2139 4020 2240 4077 vn,
2294 4004 2328 4060 3
2355 4019 2371 4062 τ
2398 4000 2676 4062 Indicabo
2699 4016 2758 4060 te
2777 4008 2961 4077 Juxta

842 4087 967 4139 vias
988 4095 1139 4145 tuas.

926 4178 987 4237 Ιι.
1009 4174 1103 4235 Sic
1126 4188 1241 4238 tres
1262 4180 1433 4239 codd.
1464 4192 1524 4241 et
1547 4181 1688 4241 edit.
1713 4182 2006 4246 Benedict.
2035 4216 2118 4233 -
2147 4190 2472 4261 evaseram,
2497 4186 2674 4263 male,
2707 4190 2848 4251 543.
2879 4223 2966 4235 -

846 4270 1217 4331 Assenserunt
1240 4272 1475 4354 reliquae
1500 4274 1800 4339 editione&
