3275 5317
891 599 1006 655 186
1326 592 1655 651 OEums
1696 575 2123 651 commus
2159 594 2264 650 ne
2304 592 2574 658 suem.

887 728 1099 801 nobis
1124 752 1344 827 quam
1368 751 1413 797 a
1444 724 1974 799 successoribus
2011 725 2274 799 nostris
2303 740 2534 820 grates
2569 725 2970 821 referantur,

888 860 961 917 et
986 868 1241 915 eorum
1266 842 1567 915 affectus
1598 842 1694 915 ad
1724 842 1868 916 hoc
1897 844 2133 943 ipsum
2165 843 2752 941 prosequendum
2796 860 2889 937 et,
2927 848 2980 917 si

884 982 1169 1030 necesse
1230 958 1347 1049 sit,
1413 956 1899 1055 peragendum
1959 958 2161 1031 bono
2233 958 2562 1056 exemplo
2617 960 2972 1031 animetur.

884 1078 1155 1171 Neque¹
1180 1074 1375 1145 enim
1400 1088 1525 1145 aut
1545 1074 1846 1173 penuria
1878 1075 2144 1172 aliqua,
2179 1089 2305 1146 aut
2324 1072 2842 1171 quodcumque
2869 1076 2982 1147 im·

882 1190 1377 1291 pedimentum
1420 1198 1939 1288 cujuscumque
1979 1191 2349 1289 potestatis
2389 1188 2794 1263 timendum
2829 1190 2974 1278 erit,

882 1307 941 1378 si
972 1304 1071 1377 ob
1100 1330 1421 1378 amorem
1448 1320 1860 1379 sanctorum
1885 1309 2277 1404 Martyrum
2299 1305 2393 1378 de
2422 1330 2556 1377 suo
2589 1304 2724 1377 sibi
2755 1330 2982 1378 secure

884 1424 1247 1495 serviatur.
1300 1423 1619 1495 Primum
1661 1422 1876 1518 igitur
1915 1423 2115 1521 quod
2149 1429 2306 1495 Deo
2353 1422 2746 1521 inspirante
2787 1421 2982 1518 hujus

883 1538 1189 1611 ecclesiae
1206 1537 1630 1636 incoepimus
1649 1563 1857 1637 opuS,
1872 1554 2169 1637 propter
2183 1540 2642 1636 antiquarum
2665 1537 2982 1611 maceria-

878 1656 1069 1727 rum'
1084 1669 1507 1727 vetustatem
1519 1670 1594 1726 et
1614 1652 1972 1751 aliquibus
1993 1656 2069 1726 in
2093 1655 2266 1727 locis
2281 1656 2638 1726 minacem
2656 1653 2981 1753 diruptio-

879 1795 1075 1861 nem,
1102 1771 1334 1842 ascitis
1360 1769 1779 1843 melioribus
1798 1795 1980 1869 quos
2010 1772 2331 1846 invenire
2361 1770 2565 1867 potui
2583 1769 2676 1841 de
2707 1770 2978 1841 diversis

876 1886 1197 1985 partibus
1224 1887 1641 1985 pictoribuS,
1681 1911 1804 1958 eos
1838 1887 2064 1985 aptari
2097 1902 2167 1959 et
2197 1886 2496 1958 honeste
2527 1884 2820 1984 depingi
2847 1900 2974 1957 tam

874 2027 1052 2074 auro
1082 2026 1299 2100 quam
1337 2002 1680 2101 preciosis
1709 2000 2072 2075 coloribus
2098 2000 2357 2074 devote
2387 2001 2710 2073 fecimus.
2753 1998 2969 2090 Quod,

876 2118 1043 2216 quia
1075 2119 1288 2192 etiam
1316 2119 1391 2191 in
1426 2118 1687 2191 scholis
1737 2118 2111 2191 addiscens
2142 2115 2284 2189 hoc
2313 2116 2547 2190 facere
2585 2116 2643 2187 si
2675 2138 2970 2214 unquam

872 2258 1153 2333 possem
1184 2233 1638 2337 appetebam,
1667 2234 2005 2307 libentius
2043 2232 2426 2332 complevi.

1212 2466 1425 2537 XXV.
1475 2469 1585 2536 De
1620 2463 1930 2537 ecclesiae
1945 2466 2193 2563 primo
2227 2480 2634 2564 augmento.

974 2670 1261 2759 Verum,
1292 2692 1460 2739 eum
1484 2669 1637 2767 jam
1665 2667 1808 2741 hoc
1825 2670 2063 2767 ipsum
2097 2668 2332 2740 multo
2355 2683 2648 2767 sumptu
2681 2668 2972 2766 comple·

872 2797 1093 2874 retur,
1112 2783 1513 2881 inspirante
1546 2784 1794 2856 divino
1822 2799 2030 2875 nutu,
2055 2800 2351 2884 propter
2375 2808 2538 2857 eam
2568 2807 2790 2882 quam
2807 2808 2970 2882 saepe

872 2897 1126 2971 diebus
1177 2899 1374 2971 festis
1392 2955 1412 2992 ,
1468 2900 1804 2973 videlicet
1841 2902 1915 2971 in
1968 2901 2151 2972 festo
2192 2899 2380 2973 beati
2426 2901 2754 2997 Dionysii
2802 2914 2870 2972 et
2907 2900 2968 2971 in

870 3012 1148 3086 Indicto
1167 3067 1190 3102 ‚
1250 3030 1323 3087 et
1372 3016 1447 3087 in
1490 3015 1650 3087 aliis
1691 3016 2268 3114 quamplurimiS,
2317 3032 2391 3089 et
2441 3014 2868 3088 videbamus
2905 3028 2969 3085 et

870 3126 1349 3201 sentiebamus
1394 3130 2014 3230 importunitatem
2057 3128 2411 3227 (exigebat
2446 3131 2643 3203 enim
2677 3130 2816 3202 loci
2846 3152 2964 3200 an-

869 3244 1095 3347 gustia
1142 3259 1226 3316 ut
1276 3228 1610 3317 mulieres
1658 3269 1875 3346 super
1927 3245 2158 3343 capita
2217 3246 2542 3318 virorum
2563 3300 2585 3337 ,
2643 3260 2968 3343 tanquam

864 3383 1081 3457 super
1110 3360 1629 3459 pavimentum,
1665 3360 1761 3433 ad
1778 3360 1998 3435 altare
2022 3359 2275 3434 dolore
2303 3361 2535 3433 multo
2569 3375 2644 3434 et
2669 3360 2970 3435 clamoso

863 3475 1177 3549 tumultu
1230 3476 1688 3574 currerent⁸),
1721 3476 1815 3549 ad
1873 3478 2487 3573 augmentandum
2540 3492 2612 3551 et
2675 3474 2965 3575 amplifi-

862 3589 1177 3663 candum
1224 3591 1472 3664 nobile
1516 3615 1879 3691 manuque
1913 3592 2160 3665 divina
2191 3607 2690 3667 consecratum
2727 3614 2964 3663 mona-

863 3708 1187 3799 sterium,
1244 3708 1565 3779 virorum
1624 3708 2026 3805 sapientum
2081 3709 2408 3802 oonsilio,
2481 3708 2960 3803 religiosorum

860 3818 1260 3895 multorum
1308 3824 1674 3921 prectbus,
1739 3848 1829 3895 ne
1873 3825 2030 3897 Deo
2087 3825 2487 3921 sanctisque
2547 3820 2964 3920 Martyribus

862 3936 1293 4035 displiceret,
1327 3938 1639 4035 adjutuS,
1677 3938 1818 4011 hoc
1849 3941 2087 4039 ipsum
2108 3940 2424 4039 incipere
2459 3936 2957 4036 aggrediebar;

941 4126 999 4182 1.
1030 4128 1160 4183 Non
1186 4124 1280 4185 ed.
1308 4124 1519 4186 Chesn.
1548 4158 1629 4171 —-
1651 4130 1712 4187 2.
1734 4130 2121 4187 materiarum
2147 4126 2284 4187 edd.

939 4218 997 4277 3.
1032 4217 1147 4288 Cf„
1172 4218 1247 4277 de
1266 4216 1359 4278 his
1396 4217 1758 4294 tumultibus,
1787 4220 2046 4283 libellum
2079 4232 2415 4301 sequentem
2448 4224 2538 4281 De
2566 4224 2966 4279 commotione

858 4316 1129 4389 eeclesia,
1160 4332 1293 4393 cap.
1311 4334 1379 4373 11.
