3275 5317
842 577 961 635 382
1279 575 1605 633 OEuvluzs
1646 558 2071 634 commus
2111 577 2215 632 ns
2255 576 2530 635 suem.

718 686 735 707 ⁸
840 706 1229 806 perspicaci
1284 705 1571 801 ingenio
1616 720 1690 778 et
1733 706 1919 779 felici
1965 708 2315 781 memoria
2353 706 2698 805 quicquid
2739 708 2940 781 semel

840 820 1433 923 apprehenderat,
1464 821 1653 894 elabi
1687 821 1785 894 illi
1821 822 2006 895 ultra
2033 848 2182 895 non
2226 838 2532 923 poterat.

938 945 1153 1035 Quod
1177 946 1419 1018 cuncti
1456 961 1727 1019 norunt
1749 946 1926 1046 quid
1961 972 2388 1039 memorem,
2415 946 2610 1019 hunc
2632 946 2942 1019 videlicet

840 1088 1204 1135 summum
1274 1078 1636 1135 oratorem
1699 1064 1842 1134 suis
1903 1062 2245 1137 claruisse
2305 1062 2798 1161 temporibus?
2857 1068 2942 1135 Re

838 1180 1103 1252 etenim
1142 1204 1332 1269 vera,
1350 1177 1742 1275 juxtaillud
1759 1179 1981 1251 Marci
2009 1180 2325 1273 Catonis,
2361 1192 2515 1251 erat
2553 1181 2664 1250 vir
2695 1178 2937 1267 bonus,

840 1294 1127 1367 dicendi
1147 1296 1436 1393 peritus.
1464 1299 1760 1367 Tantam
1777 1292 2139 1393 siquidem
2157 1296 2232 1367 in
2262 1310 2570 1392 utraque
2597 1294 2854 1390 lingua,
2879 1310 2942 1366 et

838 1426 1159 1484 materna
1176 1411 1444 1483 scilicet
1463 1426 1537 1483 et
1557 1409 1803 1503 latina,
1827 1411 2177 1485 facundiae
2199 1408 2616 1509 possidebat
2633 1411 2936 1505 gratiam,

837 1542 921 1598 ut
940 1526 1285 1626 quicquid
1311 1554 1397 1599 ex
1422 1526 1609 1599 illius
1644 1551 1772 1599 ore
1801 1525 2144 1617 audisseS,
2189 1552 2339 1600 non
2366 1550 2536 1599 eum
2563 1524 2789 1623 loqui,
2829 1526 2941 1598 sed

836 1640 973 1737 legi
1004 1641 1357 1715 crederes.
1412 1646 1579 1715 Erat
1618 1642 1724 1713 illi
1759 1642 2226 1715 historiarum
2257 1668 2538 1715 summa
2563 1642 2840 1728 notitia,
2874 1658 2944 1714 ut

836 1781 1366 1854 quemcumque
1416 1756 1516 1829 illi
1560 1758 2005 1830 nominasses
2051 1762 2488 1831 Francorum
2559 1780 2799 1852 regem
2843 1756 2940 1829 vel

834 1872 1253 1970 principem,
1286 1870 1525 1944 statim
1564 1873 1716 1968 ejus
1755 1886 1950 1968 gesta
1989 1872 2340 1946 inoffensa
2371 1872 2757 1945 velocitate
2793 1895 2936 1970 per-

832 2001 1179 2060 curreret.
1200 1992 1362 2085 Ipse
1404 1989 1618 2060 etiam
1653 1990 1839 2083 regis
1858 1988 2200 2060 Ludovici
2215 1988 2600 2087 splendido
2631 2011 2940 2059 sermone

834 2118 1027 2200 gesta
1055 2102 1451 2201 descripsit,
1489 2103 1782 2201 ejusque
1809 2102 1942 2175 filii
1975 2102 2224 2175 itidem
2261 2103 2602 2177 Ludovici
2647 2100 2940 2173 scribere

832 2218 1132 2317 quidem
1181 2218 1435 2316 coepit3
1490 2219 1617 2291 sed
1657 2235 1893 2291 morte
1923 2232 2353 2317 praeventuS,
2391 2216 2485 2290 ad
2522 2216 2748 2289 finem
2775 2242 2942 2317 opus

830 2358 981 2407 non
1010 2330 1570 2432 perduxit.'Quis
1591 2335 1786 2405 enim
1815 2359 1899 2406 ea
1925 2333 2180 2406 melius
2201 2350 2470 2425 nosset,
2495 2335 2660 2432 quis
2679 2332 2940 2405 fidelius

831 2448 1197 2541 scriberet,
1244 2474 1466 2548 quam
1504 2450 1565 2521 is
1598 2452 1725 2547 qui
1755 2450 2042 2548 utrique
2081 2452 2671 2524 familiarissimus
2697 2450 2934 2539 extitit,

832 2591 1053 2665 quem
1091 2564 1376 2638 nullum
1412 2580 1766 2638 secretum
1795 2564 2026 2659 latuit,
2071 2566 2220 2639 sine
2253 2590 2402 2665 quo
2437 2566 2726 2638 nullum
2758 2588 2937 2661 reges

826 2680 1110 2754 inibant
1142 2682 1549 2775 consilium,
1594 2706 1743 2779 quo
1787 2680 2083 2755 absente
2129 2682 2527 2755 solitarium
2573 2680 2938 2755 videbatur

697 2843 708 2854 -
826 2797 1217 2897 palatium?
1252 2800 1357 2869 Ex
1401 2823 1491 2869 eo
1532 2796 1886 2895 siquidem
1929 2815 2280 2898 tempore,
2317 2823 2466 2898 quo
2497 2800 2820 2898 primum
2843 2822 2936 2868 re-

828 2914 957 3008 giis
986 2928 1091 2985 est
1118 2912 1494 2986 adhibitus
1521 2912 1858 3004 consiliiS,
1910 2939 2137 3013 usque
2164 2912 2259 2985 ad
2289 2915 2450 2986 vitae
2481 2914 2676 2986 illius
2707 2912 2930 2986 termi-

826 3051 1032 3114 num,
1084 3044 1367 3101 constat
1396 3054 1697 3125 regnum
1737 3054 2018 3128 semper
2065 3029 2412 3121 floruisse,
2462 3044 2536 3101 et
2579 3030 2658 3101 in
2699 3028 2931 3101 melius

824 3158 1041 3240 atque
1081 3144 1414 3243 ampliuS,
1448 3144 1758 3219 dilatatis
1787 3145 2112 3216 terminis
2143 3160 2219 3217 et
2247 3142 2576 3217 hostibus
2615 3142 2925 3240 subjuga·

822 3257 938 3349 tis,
968 3236 1177 3330 fuis'se
1204 3274 1656 3357 provectum.
1705 3262 1868 3349 Quo
1917 3258 2201 3332 sublato
2245 3259 2334 3332 de
2378 3258 2655 3349 medio,
2709 3258 2928 3330 statim

824 3388 1185 3472 sceptrum
1209 3374 1413 3469 regni
1449 3399 1732 3470 gravem
1768 3399 1854 3446 ex
1886 3374 2074 3447 illius
2109 3373 2432 3447 absentia
2463 3374 2682 3446 sensit
2713 3373 2923 3470 jactu-

822 3514 979 3560 ram
1018 3502 1325 3587 :utpote
1362 3489 1563 3586 quod
1606 3513 1753 3561 non
1783 3491 2079 3561 minima
2114 3494 2224 3561 sui
2254 3490 2611 3589 portione,
2655 3488 2920 3585 Aquita·

820 3605 956 3675 niae
968 3604 1300 3677 videlicet
1325 3601 1615 3693 ducatu,
1637 3603 2015 3678 deficiente
2035 3606 2364 3700 consilio,
2381 3606 2704 3679 noscitur
2727 3603 2921 3677 muti·

818 3719 1044 3793 latum
1070 3724 1115 3795 ¹.

916 3841 1111 3910 Inter
1136 3834 1443 3935 reliquas
1470 3834 1792 3925 virtutes,
1823 3832 1968 3908 hoc
1991 3834 2102 3909 vir
2123 3836 2440 3934 egregius
2459 3832 2778 3909 habebat
2795 3832 2918 3906 exi-

896 4130 925 4187 1
942 4170 956 4185 .
988 4124 1259 4205 Sugerius
1284 4125 1521 4205 quidem
1548 4121 1864 4182 divortium
1886 4124 2170 4185 Ludovici
2197 4138 2258 4185 et
2283 4122 2615 4185 Alienondis
2651 4119 2916 4203 impedire

814 4230 914 4279 aut
948 4214 1149 4279 saltem
1182 4217 1420 4280 differre
1464 4227 1802 4296 tentaverat,
1831 4227 1897 4275 ut
1931 4230 2093 4297 patet
2127 4238 2200 4279 ex
2233 4222 2338 4279 sua
2378 4218 2456 4279 ad
2491 4236 2692 4297 regem
2717 4214 2910 4289 littera,

815 4316 1012 4394 suprA,
1034 4333 1098 4393 p.
1118 4315 1258 4373 260.
