3275 5317
781 568 895 623 358
1216 564 1540 622 OEnvnsss
1579 548 2004 622 conpmms
2045 564 2144 619 DE
2185 563 2456 623 suom.

780 694 1168 795 aliquando
1202 710 1275 767 et
1324 695 1639 795 repulsas
1681 711 1755 768 et
1805 718 1990 793 pene
2033 695 2532 767 semimortuas
2569 697 2886 769 vivorum

784 812 1271 885 miserantium
1312 811 1577 885 auxilio
1623 814 1698 885 in
1744 812 2132 885 claustrum
2167 812 2260 885 ad
2291 812 2548 885 horam
2589 827 2882 885 reuoce-

784 929 1059 1020 denteS,
1093 952 1275 1027 pene
1317 943 1637 999 extremo
1679 928 1930 1027 spiritu
1965 926 2304 999 anhelare
2321 931 2362 999 ¹.
2403 930 2526 1001 nis
2565 929 2777 1024 igitur
2819 944 2886 1001 et

778 1043 1197 1143 hujusmodi
1242 1042 1818 1116 infestationibus
1884 1058 2038 1115 toto
2077 1044 2300 1115 animi
2347 1044 2624 1115 fervore
2669 1044 2882 1119 refra-

784 1163 933 1258 gari
974 1175 1443 1251 maturantes,
1494 1158 1796 1233 collecto
1823 1162 2141 1233 virorum
2173 1158 2554 1233 illustrium
2583 1175 2734 1231 tam
2763 1161 2894 1259 epi-

782 1302 1167 1377 scoporum
1226 1301 1445 1376 quam
1496 1276 1840 1349 abbatum
1903 1292 2290 1368 conventu,
2351 1277 2622 1349 adscita
2685 1278 2888 1351 etiam

784 1390 1061 1463 domini
1138 1414 1223 1461 ac
1287 1388 1712 1461 serenissimi
1785 1390 1970 1485 regis
2047 1394 2480 1461 Francorum
2557 1387 2889 1463 Ludovici

783 1506 1179 1605 praesentia,
1214 1504 1826 1603 quemadmodum
1883 1506 1958 1577 in
1999 1505 2308 1604 capitulo
2341 1520 2590 1577 nostro
2627 1506 2892 1579 consul-

784 1634 941 1690 tum
977 1617 1234 1709 fuerat,
1268 1617 1496 1715 pridie
1541 1616 1702 1690 idus
1721 1618 1910 1715 julii,
1956 1616 2072 1689 die
2105 1617 2494 1707 dominica,
2535 1619 2888 1691 ordinavi-

782 1759 944 1807 mus
974 1734 1411 1805 ornamentis
1442 1732 1807 1825 decoram,
1847 1735 2170 1832 personis
2218 1732 2572 1806 celebrem
2611 1759 2890 1832 prooes-

784 1850 1086 1921 sionem.
1150 1848 1338 1935 Quin
1411 1849 1627 1920 etiam
1693 1849 1770 1920 in
1841 1850 2177 1921 manibus
2251 1850 2760 1949 episcoporum
2827 1865 2892 1921 et

784 1958 1129 2033 abbatum
1168 1959 1468 2054 insignia
1502 1960 1900 2033 Dominicae
1948 1962 2316 2061 passioniS,
2363 1959 2700 2034 videlicet
2757 1960 2890 2033 cla-

785 2102 960 2149 vum
1010 2091 1085 2148 et
1123 2099 1471 2149 coronam
1516 2076 1843 2167 Domini,
1865 2086 1960 2149 ‘et
2009 2076 2389 2149 brachium
2444 2078 2674 2149 sancti
2717 2079 2892 2151 senis

786 2193 1165 2284 SimeoniS,
1228 2206 1299 2264 et
1356 2192 1490 2263 alia
1540 2207 1949 2264 sanctarum
1995 2192 2462 2291 reliquiarum
2511 2194 2892 2291 patrocinia

788 2310 1268 2409 praeferentes,
1305 2308 1400 2380 ad
1430 2307 1707 2381 defossa
1731 2308 2079 2405 jaciendis
2110 2309 2592 2382 fundamentis
2637 2336 2891 2409 praepa·

790 2441 967 2516 rata,
1006 2425 1377 2497 humiliter
1402 2450 1485 2497 ac
1511 2423 1770 2497 devote
1798 2425 2321 2499 descendimus·
2367 2426 2649 2499 Deinde
2693 2432 2889 2499 Para-

790 2541 959 2615 cleti
988 2542 1291 2640 Spiritus
1308 2542 1531 2613 sancti
1558 2542 2046 2613 consolatione
2078 2542 2428 2635 invocata,
2468 2556 2584 2615 ut·
2625 2543 2892 2616 honum

794 2654 1052 2729 domus
1106 2658 1241 2729 Dei
1293 2658 1727 2757 principium
1779 2658 1980 2729 bono
2035 2657 2178 2729 fine
2210 2658 2700 2759 concluderet,
2737 2685 2892 2733 cum

792 2773 1109 2869 primum
1150 2773 1284 2871 ipsi
1319 2774 1632 2872 episcopi
1673 2799 1758 2845 ex
1805 2798 1990 2871 aqua
2022 2774 2398 2861 benedicta
2436 2772 2895 2848 dedicationis

796 2888 1019 2978 factae,
1056 2890 1381 2986 proximo
1415 2890 1671 2986 quinto
1711 2888 1874 2961 idus
1883 2890 2068 2987 junii
2097 2891 2406 2989 propriis
2437 2891 2892 2963 confecissent

796 3002 1125 3075 manibus
1190 3020 1633 3097 cementum,
1691 3005 1960 3104 primos
2028 3005 2296 3103 lapides
2376 3008 2885 3106 imposuerunt,

790 3118 1143 3217 hymnum
1184 3124 1339 3191 Deo
1362 3120 1708 3211 dicenteS,
1741 3137 1814 3193 et
1845 3120 2338 3193 Fundamenta
2365 3122 2524 3220 ejus
2561 3147 2790 3221 usque
2809 3122 2888 3195 ad

796 3235 1015 3335 finem
1056 3233 1313 3306 Psalmi
1346 3235 1762 3307 solemniter
1789 3234 2272 3309 decantantes,
2309 3241 2468 3337 Ipse
2495 3239 2694 3311 enim
2721 3264 2888 3311 sere·

792 3351 1125 3423 nissimus
1150 3374 1300 3441 rex,
1323 3352 1514 3422 intus
1532 3350 1994 3444 descendenS,
2019 3354 2327 3451 propriis
2344 3353 2676 3425 manibus
2697 3380 2884 3426 suum

797 3468 1161 3566 imposuit,
1197 3490 1472 3564 nosque
1492 3482 1564 3539 et
1594 3467 1800 3539 multi
1829 3468 1972 3559 alii,
1997 3483 2144 3539 tam
2181 3468 2475 3541 abbates
2503 3494 2724 3567 quam
2747 3470 2888 3543 reli*

796 3584 970 3677 giosi
1021 3583 1183 3675 viri,
1237 3582 1508 3682 lapides
1558 3608 1726 3655 suos
1765 3585 2286 3682 imposuerunt,
2341 3586 2636 3683 quidam
2690 3590 2886 3659 etiam

796 3722 1136 3793 gemmaS‚
1191 3697 1290 3772 ob
1342 3724 1666 3772 amorem
1691 3760 1700 3767 .
1721 3712 1791 3770 et
1854 3702 2328 3772 reverentiam
2383 3706 2420 3773 J
2425 3725 2549 3773 esu
2613 3702 2882 3791 Christi,

797 3811 1286 3885 decantantes:
1326 3812 1616 3911 Lapides
1630 3815 1934 3910 pretiosi
1961 3840 2201 3887 omnes
2229 3816 2426 3888 muri
2447 3820 2574 3889 tui.
2611 3821 2752 3888 Nos
2777 3816 2888 3911 igi-

796 3940 919 3999 tur
962 3943 1155 4001 tanta
1198 3945 1269 4001 et
1316 3945 1465 4001 tam
1503 3929 1750 4000 festiva
1779 3945 1930 4001 tam
1971 3932 2192 4004 sancti
2231 3930 2678 4005 fundamenti
2713 3932 2884 4030 posi-

879 4209 941 4267 1.
982 4209 1052 4265 V.
1085 4209 1283 4285 supra,
1319 4226 1377 4285 p.
1408 4209 1523 4267 186
1557 4219 1617 4268 et
1643 4212 1784 4269 217.

880 4304 941 4358 2.
988 4299 1081 4357 Sic
1104 4298 1302 4359 charta
1325 4300 1475 4377 orig.
1494 4336 1576 4349 -—
1598 4308 1698 4376 In,
1727 4314 1926 4361 contra
1953 4322 2182 4364 omnem
2207 4322 2458 4377 sensnm,
2492 4306 2620 4367 duae
2649 4306 2783 4366 edd.
