<?xml version="1.0" encoding="UTF-8"?>
<!DOCTYPE html PUBLIC "-//W3C//DTD XHTML 1.0 Transitional//EN"
    "http://www.w3.org/TR/xhtml1/DTD/xhtml1-transitional.dtd">
<html xmlns="http://www.w3.org/1999/xhtml" xml:lang="en" lang="en">
 <head>
  <title>
</title>
<meta http-equiv="Content-Type" content="text/html;charset=utf-8" />
  <meta name='ocr-system' content='tesseract 3.04.00' />
  <meta name='ocr-capabilities' content='ocr_page ocr_carea ocr_par ocr_line ocrx_word'/>
</head>
<body>
  <div class='ocr_page' id='page_1' title='image "./oeuvrescompltes00marcgoog_0130.png"; bbox 0 0 3275 5317; ppageno 0'>
   <div class='ocr_carea' id='block_1_1' title="bbox 853 586 2396 649">
    <p class='ocr_par' dir='ltr' id='par_1_1' title="bbox 853 586 2396 649">
     <span class='ocr_line' id='line_1_1' title="bbox 853 586 2396 649; baseline 0.005 -9"><span class='ocrx_word' id='word_1_1' title='bbox 853 586 977 641; x_wconf 84' lang='lat' dir='ltr'><strong>VIE</strong></span> <span class='ocrx_word' id='word_1_2' title='bbox 1017 586 1119 641; x_wconf 82' lang='lat' dir='ltr'><strong>DE</strong></span> <span class='ocrx_word' id='word_1_3' title='bbox 1158 586 1379 643; x_wconf 90' lang='lat' dir='ltr'>LOUIS</span> <span class='ocrx_word' id='word_1_4' title='bbox 1418 588 1511 643; x_wconf 87' lang='lat' dir='ltr'><strong>LE</strong></span> <span class='ocrx_word' id='word_1_5' title='bbox 1553 588 1773 648; x_wconf 79' lang='lat' dir='ltr'><strong>Gnos.</strong></span> <span class='ocrx_word' id='word_1_6' title='bbox 2324 594 2396 649; x_wconf 81' lang='lat'><strong>97</strong></span> 
     </span>
    </p>
   </div>
   <div class='ocr_carea' id='block_1_2' title="bbox 292 714 2479 3117">
    <p class='ocr_par' dir='ltr' id='par_1_2' title="bbox 292 714 2479 2765">
     <span class='ocr_line' id='line_1_2' title="bbox 292 714 2400 808; baseline 0.005 -23"><span class='ocrx_word' id='word_1_7' title='bbox 292 716 407 785; x_wconf 87' lang='lat' dir='ltr'><strong>nis</strong></span> <span class='ocrx_word' id='word_1_8' title='bbox 444 714 995 787; x_wconf 87' lang='lat' dir='ltr'><strong>munitissimum</strong></span> <span class='ocrx_word' id='word_1_9' title='bbox 1028 731 1337 789; x_wconf 69' lang='lat' dir='ltr'><strong>castrum</strong></span> <span class='ocrx_word' id='word_1_10' title='bbox 1370 716 1754 808; x_wconf 78' lang='lat' dir='ltr'><strong>divertenS,</strong></span> <span class='ocrx_word' id='word_1_11' title='bbox 1805 719 2032 792; x_wconf 86' lang='lat' dir='ltr'><strong>multo</strong></span> <span class='ocrx_word' id='word_1_12' title='bbox 2063 723 2400 795; x_wconf 85' lang='lat' dir='ltr'><strong>conflictu</strong></span> 
     </span>
     <span class='ocr_line' id='line_1_3' title="bbox 292 831 2404 932; baseline 0.004 -32"><span class='ocrx_word' id='word_1_13' title='bbox 292 831 714 928; x_wconf 83' lang='lat' dir='ltr'><strong>impugnare</strong></span> <span class='ocrx_word' id='word_1_14' title='bbox 754 832 1145 904; x_wconf 80' lang='lat' dir='ltr'>contendit.</span> <span class='ocrx_word' id='word_1_15' title='bbox 1196 833 1459 905; x_wconf 90' lang='lat' dir='ltr'><strong>Videns</strong></span> <span class='ocrx_word' id='word_1_16' title='bbox 1497 848 1737 905; x_wconf 90' lang='lat' dir='ltr'><strong>autem</strong></span> <span class='ocrx_word' id='word_1_17' title='bbox 1775 834 2104 932; x_wconf 69' lang='lat' dir='ltr'><strong>praefatus</strong></span> <span class='ocrx_word' id='word_1_18' title='bbox 2147 838 2404 910; x_wconf 86' lang='lat' dir='ltr'><strong>Haimo</strong></span> 
     </span>
     <span class='ocr_line' id='line_1_4' title="bbox 293 941 2406 1044; baseline 0.005 -32"><span class='ocrx_word' id='word_1_19' title='bbox 293 941 499 1013; x_wconf 85' lang='lat' dir='ltr'><strong>nullo</strong></span> <span class='ocrx_word' id='word_1_20' title='bbox 523 942 739 1015; x_wconf 91' lang='lat' dir='ltr'><strong>modo</strong></span> <span class='ocrx_word' id='word_1_21' title='bbox 762 968 838 1015; x_wconf 88' lang='lat' dir='ltr'><strong>se</strong></span> <span class='ocrx_word' id='word_1_22' title='bbox 870 968 1077 1041; x_wconf 89' lang='lat' dir='ltr'><strong>posse</strong></span> <span class='ocrx_word' id='word_1_23' title='bbox 1105 944 1452 1034; x_wconf 79' lang='lat' dir='ltr'><strong>resistere,</strong></span> <span class='ocrx_word' id='word_1_24' title='bbox 1472 945 1623 1042; x_wconf 88' lang='lat' dir='ltr'><strong>jam</strong></span> <span class='ocrx_word' id='word_1_25' title='bbox 1659 960 1731 1017; x_wconf 89' lang='lat' dir='ltr'><strong>et</strong></span> <span class='ocrx_word' id='word_1_26' title='bbox 1755 970 2072 1044; x_wconf 85' lang='lat' dir='ltr'><strong>personae</strong></span> <span class='ocrx_word' id='word_1_27' title='bbox 2099 963 2172 1021; x_wconf 89' lang='lat' dir='ltr'><strong>et</strong></span> <span class='ocrx_word' id='word_1_28' title='bbox 2193 950 2406 1021; x_wconf 81' lang='lat' dir='ltr'><strong>castri</strong></span> 
     </span>
     <span class='ocr_line' id='line_1_5' title="bbox 295 1058 2400 1168; baseline 0.003 -39"><span class='ocrx_word' id='word_1_29' title='bbox 295 1083 422 1157; x_wconf 91' lang='lat' dir='ltr'><strong>spe</strong></span> <span class='ocrx_word' id='word_1_30' title='bbox 472 1058 771 1147; x_wconf 88' lang='lat' dir='ltr'><strong>sublata,</strong></span> <span class='ocrx_word' id='word_1_31' title='bbox 818 1059 1006 1131; x_wconf 87' lang='lat' dir='ltr'><strong>hanc</strong></span> <span class='ocrx_word' id='word_1_32' title='bbox 1044 1059 1276 1168; x_wconf 74' lang='lat' dir='ltr'><strong>solam</strong></span> <span class='ocrx_word' id='word_1_33' title='bbox 1317 1060 1557 1133; x_wconf 89' lang='lat' dir='ltr'><strong>salutis</strong></span> <span class='ocrx_word' id='word_1_34' title='bbox 1606 1086 1748 1133; x_wconf 85' lang='lat' dir='ltr'><strong>suae</strong></span> <span class='ocrx_word' id='word_1_35' title='bbox 1787 1065 2145 1160; x_wconf 86' lang='lat' dir='ltr'><strong>reperiens</strong></span> <span class='ocrx_word' id='word_1_36' title='bbox 2184 1065 2400 1159; x_wconf 87' lang='lat' dir='ltr'><strong>viam,</strong></span> 
     </span>
     <span class='ocr_line' id='line_1_6' title="bbox 294 1170 2406 1273; baseline 0.004 -30"><span class='ocrx_word' id='word_1_37' title='bbox 294 1170 603 1269; x_wconf 90' lang='lat' dir='ltr'><strong>pedibus</strong></span> <span class='ocrx_word' id='word_1_38' title='bbox 631 1172 910 1245; x_wconf 86' lang='lat' dir='ltr'><strong>domini</strong></span> <span class='ocrx_word' id='word_1_39' title='bbox 938 1175 1121 1269; x_wconf 86' lang='lat' dir='ltr'><strong>regis</strong></span> <span class='ocrx_word' id='word_1_40' title='bbox 1145 1190 1543 1273; x_wconf 85' lang='lat' dir='ltr'><strong>prostratus</strong></span> <span class='ocrx_word' id='word_1_41' title='bbox 1569 1190 1640 1247; x_wconf 85' lang='lat' dir='ltr'><strong>et</strong></span> <span class='ocrx_word' id='word_1_42' title='bbox 1675 1176 2064 1248; x_wconf 81' lang='lat' dir='ltr'><strong>multorum</strong></span> <span class='ocrx_word' id='word_1_43' title='bbox 2097 1175 2406 1251; x_wconf 83' lang='lat' dir='ltr'><strong>admira-</strong></span> 
     </span>
     <span class='ocr_line' id='line_1_7' title="bbox 298 1288 2479 1389; baseline 0.001 -29"><span class='ocrx_word' id='word_1_44' title='bbox 298 1288 491 1361; x_wconf 91' lang='lat' dir='ltr'><strong>tione</strong></span> <span class='ocrx_word' id='word_1_45' title='bbox 536 1290 789 1387; x_wconf 85' lang='lat' dir='ltr'><strong>saepius</strong></span> <span class='ocrx_word' id='word_1_46' title='bbox 826 1290 1215 1380; x_wconf 81' lang='lat' dir='ltr'><strong>revolutus,</strong></span> <span class='ocrx_word' id='word_1_47' title='bbox 1248 1304 1325 1361; x_wconf 92' lang='lat' dir='ltr'><strong>ut</strong></span> <span class='ocrx_word' id='word_1_48' title='bbox 1355 1292 1431 1362; x_wconf 91' lang='lat' dir='ltr'><strong>in</strong></span> <span class='ocrx_word' id='word_1_49' title='bbox 1458 1315 1624 1363; x_wconf 89' lang='lat' dir='ltr'><strong>eum</strong></span> <span class='ocrx_word' id='word_1_50' title='bbox 1666 1290 2214 1365; x_wconf 82' lang='lat' dir='ltr'><strong>misericorditer</strong></span> <span class='ocrx_word' id='word_1_51' title='bbox 2241 1318 2408 1389; x_wconf 84' lang='lat' dir='ltr'><strong>age·</strong></span> <span class='ocrx_word' id='word_1_52' title='bbox 2450 1325 2479 1362; x_wconf 90' lang='lat'><strong>.-</strong></span> 
     </span>
     <span class='ocr_line' id='line_1_8' title="bbox 301 1404 2408 1507; baseline 0.004 -33"><span class='ocrx_word' id='word_1_53' title='bbox 301 1418 406 1475; x_wconf 87' lang='lat' dir='ltr'><strong>ret</strong></span> <span class='ocrx_word' id='word_1_54' title='bbox 451 1404 872 1501; x_wconf 81' lang='lat' dir='ltr'><strong>efflagitanS,</strong></span> <span class='ocrx_word' id='word_1_55' title='bbox 910 1421 1221 1479; x_wconf 82' lang='lat' dir='ltr'><strong>castrum</strong></span> <span class='ocrx_word' id='word_1_56' title='bbox 1268 1405 1531 1498; x_wconf 86' lang='lat' dir='ltr'><strong>reddit,</strong></span> <span class='ocrx_word' id='word_1_57' title='bbox 1586 1407 1896 1504; x_wconf 87' lang='lat' dir='ltr'><strong>seipsum</strong></span> <span class='ocrx_word' id='word_1_58' title='bbox 1923 1407 2128 1503; x_wconf 87' lang='lat' dir='ltr'><strong>regiae</strong></span> <span class='ocrx_word' id='word_1_59' title='bbox 2158 1410 2408 1507; x_wconf 87' lang='lat' dir='ltr'><strong>majes-</strong></span> 
     </span>
     <span class='ocr_line' id='line_1_9' title="bbox 302 1519 2412 1621; baseline 0.003 -30"><span class='ocrx_word' id='word_1_60' title='bbox 302 1519 461 1591; x_wconf 86' lang='lat' dir='ltr'><strong>tatis</strong></span> <span class='ocrx_word' id='word_1_61' title='bbox 494 1519 794 1592; x_wconf 87' lang='lat' dir='ltr'><strong>arbitrio</strong></span> <span class='ocrx_word' id='word_1_62' title='bbox 841 1534 1077 1593; x_wconf 91' lang='lat' dir='ltr'><strong>totum</strong></span> <span class='ocrx_word' id='word_1_63' title='bbox 1129 1522 1417 1619; x_wconf 82' lang='lat' dir='ltr'><strong>exponit</strong></span> <span class='ocrx_word' id='word_1_64' title='bbox 1435 1575 1455 1612; x_wconf 91' lang='lat'>,</span> <span class='ocrx_word' id='word_1_65' title='bbox 1490 1536 1562 1593; x_wconf 89' lang='lat' dir='ltr'><strong>et</strong></span> <span class='ocrx_word' id='word_1_66' title='bbox 1592 1536 1864 1618; x_wconf 83' lang='lat' dir='ltr'><strong>quanto</strong></span> <span class='ocrx_word' id='word_1_67' title='bbox 1911 1522 2288 1621; x_wconf 87' lang='lat' dir='ltr'><strong>superbius</strong></span> <span class='ocrx_word' id='word_1_68' title='bbox 2337 1548 2412 1597; x_wconf 89' lang='lat' dir='ltr'><strong>se</strong></span> 
     </span>
     <span class='ocr_line' id='line_1_10' title="bbox 302 1634 2412 1734; baseline 0.002 -27"><span class='ocrx_word' id='word_1_69' title='bbox 302 1634 735 1707; x_wconf 83' lang='lat' dir='ltr'><strong>subduxerat</strong></span> <span class='ocrx_word' id='word_1_70' title='bbox 793 1650 995 1708; x_wconf 88' lang='lat' dir='ltr'><strong>tanto</strong></span> <span class='ocrx_word' id='word_1_71' title='bbox 1047 1635 1414 1729; x_wconf 88' lang='lat' dir='ltr'><strong>humilius,</strong></span> <span class='ocrx_word' id='word_1_72' title='bbox 1468 1636 1579 1707; x_wconf 89' lang='lat' dir='ltr'><strong>his</strong></span> <span class='ocrx_word' id='word_1_73' title='bbox 1630 1637 1952 1727; x_wconf 75' lang='lat' dir='ltr'><strong>edoctu5‚</strong></span> <span class='ocrx_word' id='word_1_74' title='bbox 1990 1638 2277 1734; x_wconf 84' lang='lat' dir='ltr'><strong>justitiae</strong></span> <span class='ocrx_word' id='word_1_75' title='bbox 2339 1664 2412 1712; x_wconf 86' lang='lat' dir='ltr'><strong>se</strong></span> 
     </span>
     <span class='ocr_line' id='line_1_11' title="bbox 300 1751 2412 1845; baseline 0.003 -23"><span class='ocrx_word' id='word_1_76' title='bbox 300 1751 603 1824; x_wconf 83' lang='lat' dir='ltr'><strong>reduxit.</strong></span> <span class='ocrx_word' id='word_1_77' title='bbox 660 1754 805 1823; x_wconf 81' lang='lat' dir='ltr'><strong>Rex</strong></span> <span class='ocrx_word' id='word_1_78' title='bbox 835 1776 1009 1824; x_wconf 86' lang='lat' dir='ltr'><strong>vero</strong></span> <span class='ocrx_word' id='word_1_79' title='bbox 1058 1766 1336 1825; x_wconf 89' lang='lat' dir='ltr'><strong>retento</strong></span> <span class='ocrx_word' id='word_1_80' title='bbox 1368 1768 1628 1845; x_wconf 87' lang='lat' dir='ltr'><strong>castro,</strong></span> <span class='ocrx_word' id='word_1_81' title='bbox 1662 1769 1734 1826; x_wconf 86' lang='lat' dir='ltr'><strong>et</strong></span> <span class='ocrx_word' id='word_1_82' title='bbox 1769 1752 2025 1829; x_wconf 89' lang='lat' dir='ltr'><strong>eodem</strong></span> <span class='ocrx_word' id='word_1_83' title='bbox 2055 1758 2412 1829; x_wconf 76' lang='lat' dir='ltr'><strong>-Haimone</strong></span> 
     </span>
     <span class='ocr_line' id='line_1_12' title="bbox 302 1866 2409 1967; baseline 0.003 -32"><span class='ocrx_word' id='word_1_84' title='bbox 302 1866 376 1935; x_wconf 92' lang='lat' dir='ltr'><strong>in</strong></span> <span class='ocrx_word' id='word_1_85' title='bbox 426 1866 747 1938; x_wconf 87' lang='lat' dir='ltr'><strong>Francia¹</strong></span> <span class='ocrx_word' id='word_1_86' title='bbox 803 1870 1064 1939; x_wconf 81' lang='lat' dir='ltr'><strong>causae²</strong></span> <span class='ocrx_word' id='word_1_87' title='bbox 1103 1866 1429 1958; x_wconf 88' lang='lat' dir='ltr'><strong>reducto,</strong></span> <span class='ocrx_word' id='word_1_88' title='bbox 1488 1872 1931 1942; x_wconf 78' lang='lat' dir='ltr'><strong>Francorum</strong></span> <span class='ocrx_word' id='word_1_89' title='bbox 1972 1868 2248 1967; x_wconf 85' lang='lat' dir='ltr'><strong>judicio</strong></span> <span class='ocrx_word' id='word_1_90' title='bbox 2289 1886 2409 1943; x_wconf 89' lang='lat' dir='ltr'><strong>aut</strong></span> 
     </span>
     <span class='ocr_line' id='line_1_13' title="bbox 303 1981 2411 2083; baseline 0.004 -32"><span class='ocrx_word' id='word_1_91' title='bbox 303 1981 712 2070; x_wconf 88' lang='lat' dir='ltr'><strong>concordia,</strong></span> <span class='ocrx_word' id='word_1_92' title='bbox 746 1982 1077 2054; x_wconf 79' lang='lat' dir='ltr'><strong>avunculi</strong></span> <span class='ocrx_word' id='word_1_93' title='bbox 1112 1998 1185 2055; x_wconf 90' lang='lat' dir='ltr'><strong>et</strong></span> <span class='ocrx_word' id='word_1_94' title='bbox 1232 1984 1515 2081; x_wconf 87' lang='lat' dir='ltr'><strong>nepotis</strong></span> <span class='ocrx_word' id='word_1_95' title='bbox 1554 1984 1749 2056; x_wconf 90' lang='lat' dir='ltr'><strong>litem</strong></span> <span class='ocrx_word' id='word_1_96' title='bbox 1800 1999 1950 2056; x_wconf 90' lang='lat' dir='ltr'><strong>tam</strong></span> <span class='ocrx_word' id='word_1_97' title='bbox 1995 1986 2411 2083; x_wconf 86' lang='lat' dir='ltr'><strong>justisssime</strong></span> 
     </span>
     <span class='ocr_line' id='line_1_14' title="bbox 305 2096 2415 2198; baseline 0.002 -31"><span class='ocrx_word' id='word_1_98' title='bbox 305 2120 528 2193; x_wconf 89' lang='lat' dir='ltr'><strong>quam</strong></span> <span class='ocrx_word' id='word_1_99' title='bbox 563 2096 870 2194; x_wconf 84' lang='lat' dir='ltr'><strong>piissime</strong></span> <span class='ocrx_word' id='word_1_100' title='bbox 900 2097 1213 2187; x_wconf 84' lang='lat' dir='ltr'><strong>diremit,</strong></span> <span class='ocrx_word' id='word_1_101' title='bbox 1243 2098 1780 2197; x_wconf 85' lang='lat' dir='ltr'><strong>multorumque</strong></span> <span class='ocrx_word' id='word_1_102' title='bbox 1815 2102 2308 2198; x_wconf 83' lang='lat' dir='ltr'><strong>oppressiones</strong></span> <span class='ocrx_word' id='word_1_103' title='bbox 2343 2115 2415 2172; x_wconf 91' lang='lat' dir='ltr'><strong>et</strong></span> 
     </span>
     <span class='ocr_line' id='line_1_15' title="bbox 304 2208 2416 2312; baseline 0.002 -32"><span class='ocrx_word' id='word_1_104' title='bbox 304 2208 591 2283; x_wconf 87' lang='lat' dir='ltr'><strong>labores</strong></span> <span class='ocrx_word' id='word_1_105' title='bbox 620 2226 1037 2311; x_wconf 88' lang='lat' dir='ltr'><strong>sumptuoso</strong></span> <span class='ocrx_word' id='word_1_106' title='bbox 1070 2211 1332 2283; x_wconf 90' lang='lat' dir='ltr'><strong>sudore</strong></span> <span class='ocrx_word' id='word_1_107' title='bbox 1376 2215 1844 2312; x_wconf 87' lang='lat' dir='ltr'><strong>consumpsit.</strong></span> <span class='ocrx_word' id='word_1_108' title='bbox 1880 2218 2042 2286; x_wconf 84' lang='lat' dir='ltr'><strong>Haec</strong></span> <span class='ocrx_word' id='word_1_109' title='bbox 2069 2231 2141 2286; x_wconf 90' lang='lat' dir='ltr'><strong>et</strong></span> <span class='ocrx_word' id='word_1_110' title='bbox 2172 2215 2286 2285; x_wconf 90' lang='lat' dir='ltr'><strong>his</strong></span> <span class='ocrx_word' id='word_1_111' title='bbox 2319 2213 2416 2285; x_wconf 90' lang='lat' dir='ltr'><strong>si-</strong></span> 
     </span>
     <span class='ocr_line' id='line_1_16' title="bbox 306 2324 2418 2427; baseline 0.002 -31"><span class='ocrx_word' id='word_1_112' title='bbox 306 2324 501 2397; x_wconf 89' lang='lat' dir='ltr'><strong>milia</strong></span> <span class='ocrx_word' id='word_1_113' title='bbox 536 2328 609 2398; x_wconf 87' lang='lat' dir='ltr'><strong>in</strong></span> <span class='ocrx_word' id='word_1_114' title='bbox 637 2328 958 2427; x_wconf 87' lang='lat' dir='ltr'><strong>partibus</strong></span> <span class='ocrx_word' id='word_1_115' title='bbox 988 2327 1125 2398; x_wconf 89' lang='lat' dir='ltr'><strong>illis</strong></span> <span class='ocrx_word' id='word_1_116' title='bbox 1149 2326 1404 2399; x_wconf 89' lang='lat' dir='ltr'><strong>crebro</strong></span> <span class='ocrx_word' id='word_1_117' title='bbox 1436 2328 1981 2400; x_wconf 88' lang='lat' dir='ltr'><strong>clementissime</strong></span> <span class='ocrx_word' id='word_1_118' title='bbox 2014 2354 2148 2427; x_wconf 91' lang='lat' dir='ltr'><strong>pro</strong></span> <span class='ocrx_word' id='word_1_119' title='bbox 2180 2330 2418 2427; x_wconf 87' lang='lat' dir='ltr'><strong>quiete</strong></span> 
     </span>
     <span class='ocr_line' id='line_1_17' title="bbox 308 2442 2412 2547; baseline 0.002 -34"><span class='ocrx_word' id='word_1_120' title='bbox 308 2442 765 2514; x_wconf 84' lang='lat' dir='ltr'><strong>ecclesiarum</strong></span> <span class='ocrx_word' id='word_1_121' title='bbox 836 2458 909 2515; x_wconf 89' lang='lat' dir='ltr'><strong>et</strong></span> <span class='ocrx_word' id='word_1_122' title='bbox 965 2466 1363 2542; x_wconf 88' lang='lat' dir='ltr'><strong>pauperum</strong></span> <span class='ocrx_word' id='word_1_123' title='bbox 1422 2457 1705 2547; x_wconf 85' lang='lat' dir='ltr'><strong>patrare</strong></span> <span class='ocrx_word' id='word_1_124' title='bbox 1765 2444 2180 2515; x_wconf 86' lang='lat' dir='ltr'><strong>consuevit:</strong></span> <span class='ocrx_word' id='word_1_125' title='bbox 2228 2468 2412 2540; x_wconf 66' lang='lat' dir='ltr'><strong>quae,</strong></span> 
     </span>
     <span class='ocr_line' id='line_1_18' title="bbox 308 2554 2422 2655; baseline 0 -27"><span class='ocrx_word' id='word_1_126' title='bbox 308 2557 471 2653; x_wconf 91' lang='lat' dir='ltr'><strong>quia</strong></span> <span class='ocrx_word' id='word_1_127' title='bbox 499 2558 558 2628; x_wconf 92' lang='lat' dir='ltr'><strong>si</strong></span> <span class='ocrx_word' id='word_1_128' title='bbox 594 2558 780 2654; x_wconf 84' lang='lat' dir='ltr'><strong>stylo</strong></span> <span class='ocrx_word' id='word_1_129' title='bbox 813 2558 1269 2629; x_wconf 85' lang='lat' dir='ltr'><strong>traderentur</strong></span> <span class='ocrx_word' id='word_1_130' title='bbox 1300 2554 1591 2627; x_wconf 88' lang='lat' dir='ltr'><strong>taedium</strong></span> <span class='ocrx_word' id='word_1_131' title='bbox 1614 2573 2060 2652; x_wconf 86' lang='lat' dir='ltr'><strong>generarent,</strong></span> <span class='ocrx_word' id='word_1_132' title='bbox 2104 2581 2422 2655; x_wconf 87' lang='lat' dir='ltr'><strong>superse·</strong></span> 
     </span>
     <span class='ocr_line' id='line_1_19' title="bbox 303 2669 1217 2765; baseline -0.001 -24"><span class='ocrx_word' id='word_1_133' title='bbox 303 2669 477 2743; x_wconf 89' lang='lat' dir='ltr'><strong>dere</strong></span> <span class='ocrx_word' id='word_1_134' title='bbox 520 2671 821 2765; x_wconf 85' lang='lat' dir='ltr'><strong>dignum</strong></span> <span class='ocrx_word' id='word_1_135' title='bbox 858 2670 1217 2742; x_wconf 81' lang='lat' dir='ltr'><strong>duximus.</strong></span> 
     </span>
    </p>

    <p class='ocr_par' dir='ltr' id='par_1_3' title="bbox 307 2784 2424 3117">
     <span class='ocr_line' id='line_1_20' title="bbox 408 2784 2412 2889; baseline 0.002 -33"><span class='ocrx_word' id='word_1_136' title='bbox 408 2788 625 2856; x_wconf 81' lang='lat' dir='ltr'><strong>XXV.</strong></span> <span class='ocrx_word' id='word_1_137' title='bbox 672 2784 903 2857; x_wconf 88' lang='lat' dir='ltr'><strong>Habet</strong></span> <span class='ocrx_word' id='word_1_138' title='bbox 944 2784 1229 2856; x_wconf 87' lang='lat' dir='ltr'><strong>effrenis</strong></span> <span class='ocrx_word' id='word_1_139' title='bbox 1264 2784 1476 2857; x_wconf 86' lang='lat' dir='ltr'><strong>elatio</strong></span> <span class='ocrx_word' id='word_1_140' title='bbox 1523 2786 1666 2858; x_wconf 91' lang='lat' dir='ltr'><strong>hoc</strong></span> <span class='ocrx_word' id='word_1_141' title='bbox 1705 2786 2010 2886; x_wconf 87' lang='lat' dir='ltr'><strong>amplius</strong></span> <span class='ocrx_word' id='word_1_142' title='bbox 2055 2788 2412 2889; x_wconf 87' lang='lat' dir='ltr'><strong>superbia,</strong></span> 
     </span>
     <span class='ocr_line' id='line_1_21' title="bbox 307 2899 2424 2999; baseline 0 -25"><span class='ocrx_word' id='word_1_143' title='bbox 307 2916 392 2974; x_wconf 86' lang='lat' dir='ltr'><strong>ut</strong></span> <span class='ocrx_word' id='word_1_144' title='bbox 417 2924 587 2973; x_wconf 90' lang='lat' dir='ltr'><strong>cum</strong></span> <span class='ocrx_word' id='word_1_145' title='bbox 627 2899 778 2973; x_wconf 84' lang='lat' dir='ltr'><strong>haec</strong></span> <span class='ocrx_word' id='word_1_146' title='bbox 809 2900 1404 2999; x_wconf 86' lang='lat' dir='ltr'><strong>superioritatem,</strong></span> <span class='ocrx_word' id='word_1_147' title='bbox 1437 2900 1561 2973; x_wconf 84' lang='lat' dir='ltr'><strong>illa</strong></span> <span class='ocrx_word' id='word_1_148' title='bbox 1592 2902 2056 2975; x_wconf 89' lang='lat' dir='ltr'><strong>nihilominus</strong></span> <span class='ocrx_word' id='word_1_149' title='bbox 2091 2901 2424 2999; x_wconf 87' lang='lat' dir='ltr'><strong>dedigne-</strong></span> 
     </span>
     <span class='ocr_line' id='line_1_22' title="bbox 308 3015 2028 3117; baseline 0 -28"><span class='ocrx_word' id='word_1_150' title='bbox 308 3029 430 3089; x_wconf 86' lang='lat' dir='ltr'><strong>tur</strong></span> <span class='ocrx_word' id='word_1_151' title='bbox 452 3016 856 3115; x_wconf 84' lang='lat' dir='ltr'><strong>paritatem.</strong></span> <span class='ocrx_word' id='word_1_152' title='bbox 897 3016 1029 3088; x_wconf 89' lang='lat' dir='ltr'><strong>Cui</strong></span> <span class='ocrx_word' id='word_1_153' title='bbox 1050 3015 1226 3088; x_wconf 92' lang='lat' dir='ltr'><strong>illud</strong></span> <span class='ocrx_word' id='word_1_154' title='bbox 1255 3017 1587 3090; x_wconf 88' lang='lat' dir='ltr'><strong>convenit</strong></span> <span class='ocrx_word' id='word_1_155' title='bbox 1621 3019 2028 3117; x_wconf 88' lang='lat' dir='ltr'><strong>poeticum:</strong></span> 
     </span>
    </p>
   </div>
   <div class='ocr_carea' id='block_1_3' title="bbox 630 3196 2156 3366">
    <p class='ocr_par' dir='ltr' id='par_1_4' title="bbox 630 3196 2156 3366">
     <span class='ocr_line' id='line_1_23' title="bbox 630 3196 2156 3278; baseline 0.001 -24"><span class='ocrx_word' id='word_1_156' title='bbox 630 3198 749 3254; x_wconf 85' lang='lat' dir='ltr'><strong>Nec</strong></span> <span class='ocrx_word' id='word_1_157' title='bbox 773 3214 1108 3271; x_wconf 78' lang='lat' dir='ltr'><strong>quemquam</strong></span> <span class='ocrx_word' id='word_1_158' title='bbox 1132 3196 1373 3271; x_wconf 78' lang='lat' dir='ltr'><strong>sufferre</strong></span> <span class='ocrx_word' id='word_1_159' title='bbox 1388 3207 1582 3273; x_wconf 79' lang='lat' dir='ltr'><strong>potest</strong></span> <span class='ocrx_word' id='word_1_160' title='bbox 1608 3198 1861 3257; x_wconf 64' lang='lat' dir='ltr'><strong>casas-ve</strong></span> <span class='ocrx_word' id='word_1_161' title='bbox 1874 3204 2156 3278; x_wconf 82' lang='lat' dir='ltr'><strong>priorem,</strong></span> 
     </span>
     <span class='ocr_line' id='line_1_24' title="bbox 630 3287 2079 3366; baseline 0.002 -20"><span class='ocrx_word' id='word_1_162' title='bbox 630 3292 997 3365; x_wconf 74' lang='lat' dir='ltr'><strong>Pompeiusve</strong></span> <span class='ocrx_word' id='word_1_163' title='bbox 1018 3307 1221 3366; x_wconf 83' lang='lat' dir='ltr'><strong>parem</strong></span> <span class='ocrx_word' id='word_1_164' title='bbox 1237 3287 1261 3324; x_wconf 84' lang='lat'>⁸</span> <span class='ocrx_word' id='word_1_165' title='bbox 1265 3329 2079 3356; x_wconf 87' lang='grc'><strong>.............</strong></span> 
     </span>
    </p>
   </div>
   <div class='ocr_carea' id='block_1_4' title="bbox 310 3435 2420 3535">
    <p class='ocr_par' dir='ltr' id='par_1_5' title="bbox 310 3435 2420 3535">
     <span class='ocr_line' id='line_1_25' title="bbox 310 3435 2420 3535; baseline -0.001 -26"><span class='ocrx_word' id='word_1_166' title='bbox 310 3437 407 3511; x_wconf 89' lang='lat' dir='ltr'><strong>Et</strong></span> <span class='ocrx_word' id='word_1_167' title='bbox 445 3435 787 3535; x_wconf 89' lang='lat' dir='ltr'><strong>quoniam</strong></span> <span class='ocrx_word' id='word_1_168' title='bbox 837 3437 1071 3508; x_wconf 80' lang='lat' dir='ltr'><strong>omnis</strong></span> <span class='ocrx_word' id='word_1_169' title='bbox 1100 3452 1417 3533; x_wconf 83' lang='lat' dir='ltr'><strong>potestas</strong></span> <span class='ocrx_word' id='word_1_170' title='bbox 1453 3438 1852 3533; x_wconf 64' lang='lat' dir='ltr'><strong>impauens·</strong></span> <span class='ocrx_word' id='word_1_171' title='bbox 1873 3455 2219 3510; x_wconf 72' lang='lat' dir='ltr'><strong>cons-orus</strong></span> <span class='ocrx_word' id='word_1_172' title='bbox 2243 3442 2420 3528; x_wconf 76' lang='grc' dir='ltr'><strong>’σι’έι,</strong></span> 
     </span>
    </p>
   </div>
   <div class='ocr_carea' id='block_1_5' title="bbox 312 3634 2426 3985">
    <p class='ocr_par' dir='ltr' id='par_1_6' title="bbox 312 3634 2426 3897">
     <span class='ocr_line' id='line_1_26' title="bbox 314 3634 2426 3718; baseline -0.002 -14"><span class='ocrx_word' id='word_1_173' title='bbox 314 3646 589 3705; x_wconf 72' lang='lat'><strong>6265.-</strong></span> <span class='ocrx_word' id='word_1_174' title='bbox 603 3634 999 3703; x_wconf 59' lang='lat' dir='ltr'><strong>Germanicum</strong></span> <span class='ocrx_word' id='word_1_175' title='bbox 1025 3644 1141 3699; x_wconf 71' lang='lat'><strong>135</strong></span> <span class='ocrx_word' id='word_1_176' title='bbox 1162 3652 1221 3699; x_wconf 89' lang='lat' dir='ltr'><strong>et</strong></span> <span class='ocrx_word' id='word_1_177' title='bbox 1245 3637 1413 3718; x_wconf 86' lang='lat' dir='ltr'><strong>reliq.</strong></span> <span class='ocrx_word' id='word_1_178' title='bbox 1440 3638 1574 3698; x_wconf 82' lang='lat' dir='ltr'><strong>edd.</strong></span> <span class='ocrx_word' id='word_1_179' title='bbox 1591 3642 1852 3701; x_wconf 84' lang='lat' dir='ltr'><strong>——Nunc</strong></span> <span class='ocrx_word' id='word_1_180' title='bbox 1872 3644 2182 3715; x_wconf 76' lang='lat' dir='ltr'><strong>Germigny</strong></span> <span class='ocrx_word' id='word_1_181' title='bbox 2201 3636 2426 3716; x_wconf 74' lang='lat' dir='ltr'><strong>(Cher).</strong></span> 
     </span>
     <span class='ocr_line' id='line_1_27' title="bbox 312 3726 2424 3815; baseline -0.002 -20"><span class='ocrx_word' id='word_1_182' title='bbox 312 3740 483 3795; x_wconf 83' lang='lat' dir='ltr'><strong>Hanc</strong></span> <span class='ocrx_word' id='word_1_183' title='bbox 493 3734 917 3815; x_wconf 84' lang='lat' dir='ltr'><strong>expeditionem</strong></span> <span class='ocrx_word' id='word_1_184' title='bbox 925 3735 1007 3793; x_wconf 49' lang='lat' dir='ltr'><strong>&gt;ad</strong></span> <span class='ocrx_word' id='word_1_185' title='bbox 1024 3752 1126 3796; x_wconf 83' lang='lat' dir='ltr'><strong>an.</strong></span> <span class='ocrx_word' id='word_1_186' title='bbox 1160 3737 1187 3793; x_wconf 76' lang='lat'><strong>1</strong></span> <span class='ocrx_word' id='word_1_187' title='bbox 1199 3739 1226 3793; x_wconf 85' lang='lat'><strong>1</strong></span> <span class='ocrx_word' id='word_1_188' title='bbox 1238 3736 1266 3793; x_wconf 84' lang='lat'><strong>1</strong></span> <span class='ocrx_word' id='word_1_189' title='bbox 1278 3737 1313 3793; x_wconf 75' lang='lat'>5</span> <span class='ocrx_word' id='word_1_190' title='bbox 1340 3734 1594 3792; x_wconf 82' lang='lat' dir='ltr'><strong>referunt</strong></span> <span class='ocrx_word' id='word_1_191' title='bbox 1618 3733 1798 3795; x_wconf 87' lang='lat' dir='ltr'><strong>Guill.</strong></span> <span class='ocrx_word' id='word_1_192' title='bbox 1823 3737 2011 3810; x_wconf 83' lang='lat' dir='ltr'><strong>Nang.</strong></span> <span class='ocrx_word' id='word_1_193' title='bbox 2023 3776 2039 3803; x_wconf 91' lang='lat'>,</span> <span class='ocrx_word' id='word_1_194' title='bbox 2059 3726 2138 3792; x_wconf 76' lang='lat' dir='ltr'><strong>ad</strong></span> <span class='ocrx_word' id='word_1_195' title='bbox 2150 3749 2243 3794; x_wconf 83' lang='lat' dir='ltr'><strong>an.</strong></span> <span class='ocrx_word' id='word_1_196' title='bbox 2270 3735 2295 3790; x_wconf 76' lang='lat'><strong>1</strong></span> <span class='ocrx_word' id='word_1_197' title='bbox 2311 3734 2424 3791; x_wconf 82' lang='lat'><strong>117</strong></span> 
     </span>
     <span class='ocr_line' id='line_1_28' title="bbox 314 3827 1161 3897; baseline -0.004 -8"><span class='ocrx_word' id='word_1_198' title='bbox 314 3828 609 3890; x_wconf 79' lang='lat' dir='ltr'><strong>Benedict.</strong></span> <span class='ocrx_word' id='word_1_199' title='bbox 622 3876 639 3897; x_wconf 87' lang='lat'>,</span> <span class='ocrx_word' id='word_1_200' title='bbox 663 3830 766 3889; x_wconf 86' lang='lat' dir='ltr'><strong>sed</strong></span> <span class='ocrx_word' id='word_1_201' title='bbox 792 3827 853 3887; x_wconf 89' lang='lat' dir='ltr'><strong>hi</strong></span> <span class='ocrx_word' id='word_1_202' title='bbox 879 3839 1161 3887; x_wconf 82' lang='lat' dir='ltr'><strong>errantes.</strong></span> 
     </span>
    </p>

    <p class='ocr_par' dir='ltr' id='par_1_7' title="bbox 403 3921 1279 3985">
     <span class='ocr_line' id='line_1_29' title="bbox 403 3921 1279 3985; baseline -0.001 -3"><span class='ocrx_word' id='word_1_203' title='bbox 403 3927 432 3982; x_wconf 78' lang='lat'><strong>1</strong></span> <span class='ocrx_word' id='word_1_204' title='bbox 450 3968 465 3985; x_wconf 93' lang='lat'><strong>.</strong></span> <span class='ocrx_word' id='word_1_205' title='bbox 494 3928 565 3981; x_wconf 83' lang='lat' dir='ltr'><strong>In</strong></span> <span class='ocrx_word' id='word_1_206' title='bbox 592 3926 893 3981; x_wconf 64' lang='lat' dir='ltr'><strong>Fb-anciam</strong></span> <span class='ocrx_word' id='word_1_207' title='bbox 921 3921 1076 3981; x_wconf 80' lang='lat' dir='ltr'><strong>solus</strong></span> <span class='ocrx_word' id='word_1_208' title='bbox 1100 3923 1279 3981; x_wconf 74' lang='lat'><strong>6265.</strong></span> 
     </span>
    </p>
   </div>
   <div class='ocr_carea' id='block_1_6' title="bbox 401 4012 2090 4392">
    <p class='ocr_par' dir='ltr' id='par_1_8' title="bbox 401 4012 2071 4095">
     <span class='ocr_line' id='line_1_30' title="bbox 401 4012 2071 4095; baseline -0.001 -21"><span class='ocrx_word' id='word_1_209' title='bbox 401 4018 463 4075; x_wconf 80' lang='lat'><strong>2.</strong></span> <span class='ocrx_word' id='word_1_210' title='bbox 494 4022 645 4077; x_wconf 74' lang='lat' dir='ltr'><strong>Litis</strong></span> <span class='ocrx_word' id='word_1_211' title='bbox 669 4023 843 4075; x_wconf 79' lang='lat' dir='ltr'><strong>causa</strong></span> <span class='ocrx_word' id='word_1_212' title='bbox 862 4016 1019 4095; x_wconf 87' lang='lat' dir='ltr'><strong>apud</strong></span> <span class='ocrx_word' id='word_1_213' title='bbox 1038 4013 1277 4074; x_wconf 82' lang='lat' dir='ltr'><strong>Freher.</strong></span> <span class='ocrx_word' id='word_1_214' title='bbox 1312 4014 1495 4073; x_wconf 78' lang='grc' dir='ltr'><em>Οαιιιὲ</em></span> <span class='ocrx_word' id='word_1_215' title='bbox 1520 4013 1713 4072; x_wconf 84' lang='lat' dir='ltr'><strong>forsan</strong></span> <span class='ocrx_word' id='word_1_216' title='bbox 1740 4012 2071 4091; x_wconf 85' lang='lat' dir='ltr'><strong>legendum.</strong></span> 
     </span>
    </p>

    <p class='ocr_par' dir='ltr' id='par_1_9' title="bbox 405 4110 2090 4392">
     <span class='ocr_line' id='line_1_31' title="bbox 405 4110 2090 4193; baseline -0.002 -20"><span class='ocrx_word' id='word_1_217' title='bbox 405 4120 464 4174; x_wconf 80' lang='lat'><strong>3.</strong></span> <span class='ocrx_word' id='word_1_218' title='bbox 490 4112 705 4173; x_wconf 82' lang='lat' dir='ltr'><strong>Lucani</strong></span> <span class='ocrx_word' id='word_1_219' title='bbox 733 4114 967 4186; x_wconf 67' lang='lat' dir='ltr'><strong>Phar-s„</strong></span> <span class='ocrx_word' id='word_1_220' title='bbox 991 4111 1095 4173; x_wconf 87' lang='lat' dir='ltr'><strong>lib.</strong></span> <span class='ocrx_word' id='word_1_221' title='bbox 1122 4116 1171 4185; x_wconf 84' lang='grc' dir='ltr'><strong>Ι,</strong></span> <span class='ocrx_word' id='word_1_222' title='bbox 1198 4112 1359 4193; x_wconf 84' lang='lat' dir='ltr'><strong>cnjus</strong></span> <span class='ocrx_word' id='word_1_223' title='bbox 1387 4110 1553 4171; x_wconf 84' lang='lat' dir='ltr'><strong>initio</strong></span> <span class='ocrx_word' id='word_1_224' title='bbox 1580 4110 1745 4191; x_wconf 76' lang='lat' dir='ltr'><strong>prius</strong></span> <span class='ocrx_word' id='word_1_225' title='bbox 1775 4110 2042 4189; x_wconf 83' lang='lat' dir='ltr'><strong>leguntur</strong></span> <span class='ocrx_word' id='word_1_226' title='bbox 2073 4129 2090 4169; x_wconf 72' lang='grc' dir='ltr'><strong>ι</strong></span> 
     </span>
     <span class='ocr_line' id='line_1_32' title="bbox 642 4220 1995 4299; baseline -0.005 -18"><span class='ocrx_word' id='word_1_227' title='bbox 642 4224 821 4282; x_wconf 82' lang='grc' dir='ltr'><em>ΝιιΙΙα</em></span> <span class='ocrx_word' id='word_1_228' title='bbox 846 4220 991 4297; x_wconf 75' lang='lat' dir='ltr'><strong>fides</strong></span> <span class='ocrx_word' id='word_1_229' title='bbox 1018 4225 1184 4299; x_wconf 66' lang='lat' dir='ltr'><strong>regni</strong></span> <span class='ocrx_word' id='word_1_230' title='bbox 1207 4225 1407 4292; x_wconf 74' lang='lat' dir='ltr'><strong>sociis-,-</strong></span> <span class='ocrx_word' id='word_1_231' title='bbox 1440 4224 1726 4295; x_wconf 77' lang='lat' dir='ltr'><strong>omnisque</strong></span> <span class='ocrx_word' id='word_1_232' title='bbox 1740 4230 1995 4295; x_wconf 75' lang='lat' dir='ltr'><strong>potestas</strong></span> 
     </span>
     <span class='ocr_line' id='line_1_33' title="bbox 644 4316 1403 4392; baseline 0 -19"><span class='ocrx_word' id='word_1_233' title='bbox 644 4319 959 4392; x_wconf 69' lang='lat' dir='ltr'><strong>ImpaeIens</strong></span> <span class='ocrx_word' id='word_1_234' title='bbox 984 4318 1253 4370; x_wconf 80' lang='lat' dir='ltr'><strong>consortis</strong></span> <span class='ocrx_word' id='word_1_235' title='bbox 1271 4316 1403 4373; x_wconf 80' lang='lat' dir='ltr'><strong>erit.</strong></span> 
     </span>
    </p>
   </div>
  </div>
 </body>
</html>
