3275 5317
885 580 1000 637 224
1313 578 1650 636 ossnvnss
1691 560 2119 635 coMPLssTEs
2158 578 2260 635 DE
2301 578 2566 637 SUGER.

882 712 1260 811 participes
1328 708 1513 781 effici
1562 724 1717 781 toto
1757 708 2014 780 affectu
2059 709 2563 799 desidermiteS‚
2620 711 2806 806 quasi
2833 736 2936 807 pro

884 826 1081 917 dote,
1112 826 1294 898 sicut
1328 824 1507 897 solet
1544 822 1726 915 fieri,
1771 823 1865 895 ad
1901 848 2240 921 expensas
2271 823 2734 897 emendorum
2759 826 2932 899 lumi-

882 944 1279 1032 nariorum,
1319 939 1626 1038 plateam
1652 938 2019 1035 quandam
2051 940 2416 1011 cimeterio
2447 938 2932 1012 collimitantem

878 1058 1073 1154 juxta
1108 1054 1473 1127 ecclesiam
1522 1055 1743 1127 sancti
1780 1054 2166 1146 MichaeliS,
2213 1078 2431 1152 quam
2462 1070 2714 1151 quater
2733 1055 2934 1151 viginti

883 1172 1085 1245 libris
1152 1197 1193 1243 a
1248 1170 1619 1243 Willelmo
1675 1167 2109 1242 Corneilensi
2177 1194 2606 1261 emeramuS,
2669 1171 2932 1269 ejusdem

878 1286 1311 1361 contulimus
1342 1286 1696 1377 oratoriiS,
1729 1300 1809 1357 ut
1839 1285 1914 1357 in
1947 1285 2464 1383 sempiternum
2495 1285 2663 1358 inde
2691 1310 2932 1359 censum

881 1398 1218 1474 habeant.
1272 1405 1379 1472 De
1422 1401 1734 1472 termino
1784 1423 1955 1472 vero
1997 1399 2152 1472 haec
2201 1416 2307 1472 est
2347 1401 2666 1473 veritatis
2709 1401 2931 1474 consis-

880 1517 1124 1605 tentia,
1150 1516 1329 1587 sicut
1355 1514 1637 1610 legitur,
1671 1514 1730 1587 si
1757 1529 1996 1587 tamen
2018 1539 2168 1586 non
2201 1512 2650 1605 obscuretur,
2673 1516 2742 1585 in
2759 1540 2931 1586 aureo

881 1653 1094 1728 super
1114 1645 1378 1728 portem,
1408 1653 1583 1726 quas
1604 1628 1697 1701 ad
1720 1628 2072 1701 honorem
2093 1630 2222 1700 Dei
2251 1644 2325 1701 et
2345 1645 2748 1703 sanctorum
2769 1628 2934 1701 deau-

880 1760 1068 1819 ratas
1101 1744 1258 1817 fieri
1285 1745 1607 1836 secimuS,
1647 1744 2010 1843 epitaphio
2044 1771 2062 1814 ε

1038 1954 1239 2011 Annus
1262 1947 1600 2009 millesimus
1627 1961 1908 2009 centenus
1935 1960 1994 2007 et
2018 1948 2419 2028 quadragenus

1117 2044 1322 2101 Annus
1344 2052 1467 2101 erat
1490 2039 1690 2113 Verbi,
1719 2041 1952 2119 quando
1975 2052 2198 2100 sacrata
2219 2039 2355 2102 fuit.

978 2202 1200 2300 Igitur
1236 2217 1403 2302 post
1446 2202 1668 2289 illam,
1715 2226 1874 2299 quae
1913 2202 2298 2299 majestatis
2336 2226 2636 2275 summae
2681 2200 2926 2299 opitula-

883 2318 1074 2390 tione
1100 2319 1173 2390 in
1211 2317 1565 2391 anteriore
1594 2333 1797 2416 parte
1840 2316 1930 2390 de
1978 2320 2292 2390 oratorio
2324 2320 2550 2391 sancti
2585 2316 2855 2391 Romani
2879 2326 2930 2384 et

880 2434 1186 2507 aliorum
1239 2434 1596 2510 celebrata
1651 2451 1782 2527 est,
1841 2438 2481 2527 consecrationem,
2545 2452 2777 2510 nostra
2817 2456 2924 2531 qua

880 2564 1031 2622 tam
1091 2576 1173 2622 ex
1219 2553 1370 2649 ipsa
1424 2554 1535 2623 sui
1601 2551 2066 2651 prosperitate
2127 2550 2586 2625 animabatur
2661 2548 2920 2637 devoti0‚

880 2688 1099 2761 quam
1129 2666 1281 2765 ipsa
1313 2668 1500 2739 circa
1530 2670 1954 2738 Sanctorum
1970 2671 1990 2707 ¹
2031 2682 2230 2740 tanto
2261 2682 2592 2766 tempore
2619 2682 2758 2739 tam
2783 2665 2926 2735 into-

879 2778 1261 2854 lerabiliter
1288 2780 1747 2881 opprimebat
1769 2781 2184 2873 coarctatio,
2226 2797 2479 2855 votum
2517 2798 2824 2855 nostrum
2841 2775 2932 2850 illo

879 2898 1232 2971 convertit
1289 2922 1305 2965 ε
1381 2912 1465 2969 ut
1510 2896 1806 2995 praefato
1870 2912 2199 2970 vacantes
2251 2898 2478 2997 operi,
2541 2899 2932 2991 turriumque

880 3010 1276 3084 differendo
1303 3015 1878 3110 prosecutionem
1901 3014 1977 3085 in
2009 3013 2356 3112 superiori
2379 3028 2613 3112 parte,
2649 3031 2930 3108 augmen·

881 3125 1133 3199 tationi
1175 3128 1419 3199 matris
1465 3125 1772 3201 ecclesiae
1803 3152 2096 3227 operam
2131 3143 2205 3201 et
2241 3130 2644 3227 impensam
2673 3136 2932 3227 prototo

880 3266 1114 3340 posse,
1153 3268 1287 3342 pro
1318 3244 1702 3341 gratiarum
1751 3245 2055 3337 actione,
2085 3270 2174 3318 eo
2210 3246 2410 3343 quod
2450 3244 2725 3318 tantillo
2748 3253 2932 3315 tanto—

880 3382 1043 3431 rum
1081 3382 1327 3455 regum
1356 3374 1427 3431 et
1461 3359 1810 3433 abbatum
1855 3361 2212 3434 nobilitati
2257 3362 2670 3435 succedenti
2707 3371 2933 3432 tantum

878 3498 1091 3572 opus·
1118 3474 1360 3549 divina
1416 3476 1735 3572 dignatio
1797 3493 2248 3571 reservasset,
2314 3502 2536 3577 quam
2593 3473 2929 3559 decentius,

882 3615 1097 3689 quam
1140 3591 1511 3687 gloriosius
1552 3592 2071 3667 rationabiliter
2093 3594 2280 3667 effici
2309 3609 2578 3693 posset,
2613 3592 2762 3666 fieri
2789 3585 2932 3660 inni-

880 3720 1218 3780 teremur.
1264 3709 1809 3782 Communicato
1843 3708 2194 3807 siquidem
2239 3736 2408 3784 cum
2446 3709 2775 3783 fratribus
2805 3722 2934 3775 nos·

884 3822 1013 3895 tris
1052 3821 1237 3896 bene
1289 3823 1573 3897 devotis
1614 3825 1926 3897 consilio
1935 3879 1953 3917 ,
2000 3850 2312 3923 quorum
2357 3852 2480 3900 cor
2517 3823 2772 3898 ardens
2803 3828 2928 3889 era!

883 3936 970 4011 de
1002 3942 1171 4010 ,Iesu
1202 3936 1368 4010 dum
1402 3940 1802 4038 loqueretar
1825 3943 2026 4014 eisin
2043 3944 2213 4035 νία’,
2248 3942 2390 4015 hoc
2415 3946 2568 4015 Deo
2601 3938 2935 4038 inspirante

967 4206 1024 4263 ¹.
1060 4200 1230 4263 Forte
1259 4210 1386 4282 ipsa
1410 4205 1547 4261 cura
1570 4216 1910 4281 sanctorum,
1937 4224 2072 4283 quos
2095 4201 2463 4283 (Benedict.).

968 4300 1031 4360 2.
1072 4299 1239 4358 Luce
1272 4298 1517 4379 Evang„
1550 4315 1712 4372 xxiv,
1743 4302 1839 4359 32.
