3275 5317
683 486 833 545 SUR
876 486 1015 545 SON
1057 486 1700 545 ADMINISTRATION
1739 490 2180 550 ABBATIALE.
2380 493 2409 549 1
2423 492 2496 549 59

390 618 663 691 nestius
694 618 1041 717 hospitari
1102 618 1401 715 dignum
1469 618 1826 696 duximus,
1895 623 2003 693 De
2065 636 2272 719 porta
2328 646 2501 695 vero

394 734 790 823 Parisiensi‚
865 759 1023 831 quae
1096 734 1372 807 solebat
1434 735 1738 809 reddere
1801 734 2188 809 duodecim
2249 737 2497 829 libras,

390 848 901 947 quinquaginta
944 849 1157 924 nobis
1196 848 1485 946 reddit,'
1504 851 1633 925 ubi
1665 854 2188 927 incrementum
2235 868 2341 926 est
2375 855 2503 925 tri-

390 964 591 1062 ginta
624 980 697 1039 et
722 983 891 1040 octo
908 965 1287 1041 librarum.

1056 1201 1148 1272 Π.
1192 1202 1304 1270 De
1346 1196 1839 1271 stemblc‘aco'.

490 1401 673 1470 Cum
714 1396 970 1471 eadem
1017 1399 1182 1471 villa
1225 1400 1467 1473 multis
1506 1400 1811 1497 angariis
1838 1426 1882 1472 a
1913 1399 2175 1473 comite
2234 1400 2501 1471 Domni

390 1514 709 1604 Martini,
763 1514 1094 1589 videlicet
1136 1518 1501 1590 exactione
1546 1518 1778 1609 talliae,
1847 1516 2188 1588 frumenti
2240 1514 2508 1587 scilicet

392 1631 714 1728 quinque
761 1630 1203 1723 modiorum,
1257 1657 1439 1730 quos
1471 1634 1537 1705 ei
1586 1657 1724 1733 pro
1774 1656 1944 1732 pace
1984 1654 2496 1721 concesseram,

390 1745 731 1843 cumipse
750 1744 1018 1817 talliam
1043 1770 1179 1844 pro
1200 1747 1567 1821 voluntate
1592 1772 1716 1820 sua
1740 1748 1973 1820 facere
1996 1746 2500 1836 consuevisset,

392 1861 761 1933 exactione
787 1861 1087 1933 arietum
1119 1879 1188 1936 et
1216 1862 1623 1963 hospitandi
1649 1866 1720 1934 in
1751 1862 1920 1933 villa
1959 1861 2196 1933 multis
2227 1860 2504 1933 vicibus

394 1976 473 2047 in
499 2000 687 2047 anno
720 1975 809 2047 de
836 1978 1265 2049 rusticorum
1298 1976 1705 2078 sumptibus
1737 1972 2223 2076 [premeretur]
2251 2004 2272 2066 3
2318 1975 2506 2047 hanc

396 2113 650 2188 pacem
672 2115 809 2190 pro
839 2091 951 2163 his
992 2091 1329 2164 omnibus
1365 2116 1535 2163 cum
1569 2091 1832 2164 comite
1877 2090 2205 2178 fecimuS,
2243 2103 2327 2161 ut
2357 2103 2508 2163 tota

396 2205 561 2277 villa
598 2206 673 2277 in
720 2232 895 2305 pace
950 2206 1161 2279 nobis
1226 2221 1630 2282 remaneret
1689 2204 1960 2304 absque
2023 2206 2387 2278 exactione
2435 2219 2507 2275 et

393 2322 912 2396 consuetudine
960 2321 1225 2420 aliqua,
1260 2337 1331 2394 et
1361 2346 1497 2394 nos
1530 2347 1663 2420 pro
1708 2322 1860 2418 ejus
1891 2322 2221 2394 hominio
2260 2319 2508 2392 decem

390 2435 613 2509 libras
662 2439 957 2533 singulis
1008 2438 1212 2509 annis
1274 2436 1365 2509 de
1417 2436 1784 2535 marsupio
1825 2451 2074 2508 nostro
2123 2436 2198 2507 in
2234 2433 2510 2507 octabis

394 2553 621 2624 sancti
645 2553 967 2649 Dionysii
992 2554 1056 2624 ei
1085 2551 1444 2625 daremus.
1486 2556 1629 2624 Nos
1660 2566 1900 2624 autem
1926 2549 2229 2623 eandem
2267 2549 2507 2622 villam

396 2668 497 2738 ob
531 2668 673 2739 hoc
698 2667 1038 2740 libentius
1068 2667 1593 2759 aedificavimuS,
1635 2683 1707 2739 et
1729 2668 1804 2739 in
1837 2666 2135 2738 introitu
2168 2664 2352 2739 villae
2388 2690 2510 2737 no-

398 2806 566 2853 vam
598 2783 871 2855 curiam
904 2807 1071 2855 cum
1120 2782 1455 2879 granchia
1488 2808 1674 2855 nova
1703 2782 1873 2877 erigi
1913 2781 2208 2853 fecimus
2242 2809 2265 2872 3
2307 2796 2380 2852 et
2427 2795 2510 2854 ut

396 2898 471 2969 in
500 2922 585 2969 ea
617 2898 1015 2998 campipars
1052 2898 1497 2992 universaliS,
1534 2914 1603 2970 et
1654 2911 1961 2996 quatuor
1994 2920 2450 2969 carrucarum
2480 2923 2503 2988 3

393 3011 470 3084 in
502 3012 722 3085 altera
769 3037 970 3105 vere,
1026 3038 1183 3110 quae
1214 3014 1287 3086 in
1338 3013 1733 3112 municipio
1781 3026 1910 3102 est,
1949 3012 2240 3085 decimae
2286 3026 2508 3083 terra-

395 3154 557 3201 rum
590 3143 1135 3227 reponerentur,
1179 3143 1250 3201 et
1293 3132 1369 3201 in
1410 3144 1713 3227 utraque
1752 3128 2000 3201 usibus
2046 3128 2305 3201 nostris
2337 3142 2510 3199 stra-

392 3246 586 3317 mina
632 3259 1187 3321 reservarentur.
1231 3249 1321 3319 Et
1351 3270 1520 3318 cum
1572 3244 1665 3318 de
1689 3248 1712 3283 ³
1757 3242 2006 3317 eadem
2038 3244 2206 3315 villa
2233 3257 2360 3314 aut
2391 3242 2508 3311 vix

395 3376 519 3434 aut
548 3385 922 3459 nunquam
959 3376 1214 3458 quater
1251 3361 1501 3456 viginti
1532 3375 1605 3434 et
1644 3358 1898 3433 decem
1940 3358 2230 3431 modios
2282 3379 2506 3427 anno·

395 3500 655 3549 narum
711 3477 887 3549 olim
943 3474 1211 3548 habere
1263 3499 1664 3575 possemuS,
1730 3475 1825 3549 ad
1884 3474 2026 3547 hoc
2082 3474 2318 3571 ipsum
2351 3494 2508 3541 rem

396 3588 823 3663 deduximus
853 3589 1052 3689 quod
1083 3590 1429 3665 ducentos
1467 3590 1754 3664 modios
1783 3589 2033 3662 decem
2075 3587 2314 3659 minus
2339 3580 2508 3656 inde

395 3729 437 3776 a
472 3705 743 3801 majore
768 3719 1018 3778 nostro
1045 3704 1419 3801 habemuS,
1471 3719 1667 3778 extra
1700 3704 1844 3777 hoc
1885 3701 2083 3801 quod
2129 3701 2506 3794 seminant,

398 3834 470 3892 et
526 3820 725 3918 quod
757 3818 1095 3893 bubulcis
1142 3836 1213 3895 et
1262 3820 1504 3893 bubus
1551 3817 1899 3919 quicquid
1951 3840 2236 3891 necesse
2300 3815 2512 3889 fuerit

480 4079 507 4134 i
525 4120 540 4133 .
580 4080 743 4137 Nunc
768 4084 855 4137 Le
884 4076 1184 4151 Tremblar
1208 4076 1714 4159 (Scine-et-Oise),
1741 4075 1927 4156 prope
1952 4074 2309 4137 Gonessiam.

477 4172 539 4231 Ξ.
568 4174 660 4229 De
685 4170 874 4232 omitt.
905 4169 969 4231 in
989 4190 1099 4236 ms.
1125 4172 1259 4235 cod.
