3275 5317
703 659 850 719 SUR
890 660 1033 719 SON
1074 658 1710 717 ADMINISTRATION
1751 660 2186 719 ABBATIALE.
2388 662 2504 721 205

382 806 563 885 tere,
602 788 987 891 prophetas
1016 814 1257 863 saccos
1282 788 1377 861 ad
1406 788 1676 863 molam
1707 804 2088 888 apportare
2117 814 2501 890 repraesen·

380 921 507 979 tat.
546 910 729 981 Sunt
752 906 991 1005 itaque
1017 906 1169 1004 ejus
1200 905 1509 979 materiae
1534 928 1780 979 versus
1793 906 1918 979 'isti
1954 932 1972 979 z

536 1106 715 1169 Tollis
740 1110 965 1189 agendo
992 1108 1206 1169 molam
1228 1109 1303 1169 de
1332 1108 1571 1182 furfure,
1600 1107 1804 1182 Paule,
1835 1107 2103 1173 farinam.

615 1200 879 1261 Mosaiooe
910 1201 1055 1280 legis
1076 1200 1275 1261 intima
1301 1212 1438 1261 nota
1459 1201 1623 1264 sacis.

534 1294 627 1355 Fit
650 1295 725 1356 do
755 1306 843 1355 tot
864 1293 1057 1373 granis
1086 1314 1255 1355 verus
1282 1294 1406 1356 sine
1434 1296 1656 1356 furfure
1681 1295 1870 1377 panis,

612 1392 1041 1469 Perpetuusque
1068 1388 1230 1449 cibus
1252 1400 1447 1450 noster
1472 1401 1530 1450 et
1556 1388 1872 1469 angelicus.

468 1578 651 1647 Item
689 1574 765 1647 in
820 1574 1073 1649 eadem
1128 1575 1377 1667 vitrea,
1442 1575 1567 1649 ubi
1628 1577 1948 1651 aufertur
2009 1575 2336 1651 velamen
2401 1576 2494 1652 de.

374 1690 557 1764 facie
593 1692 826 1789 Moysi
859 1718 879 1764 ι

528 1888 697 1964 Quod
720 1894 943 1966 Moyses
968 1890 1125 1951 velat
1136 1933 1157 1965 ,
1184 1889 1401 1951 Christi
1435 1888 1702 1951 doctrina
1730 1889 1968 1951 revelat.

608 1982 917 2044 Denudant
940 1984 1125 2065 legem
1157 1983 1257 2063 qui
1284 1984 1534 2066 spoliant
1557 1990 1827 2065 Moysen.

471 2170 495 2237 Ι
502 2194 549 2240 n
574 2168 824 2243 eadem
847 2172 1093 2264 vitrea,
1133 2194 1349 2271 super
1373 2196 1609 2244 arcam
1638 2170 1920 2243 foederis
1957 2196 1976 2243 z

478 2356 485 2363 ’
516 2370 771 2431 Foederis
798 2390 872 2432 ex
897 2392 1031 2433 arca
1060 2372 1273 2433 Christi
1298 2392 1473 2434 cruce
1502 2372 1723 2433 sistitur
1749 2392 1888 2446 arn

597 2464 839 2525 Foedere
866 2464 1075 2546 majori
1101 2466 1221 2527 vult
1246 2466 1328 2526 ibi
1358 2466 1470 2526 vita
1498 2464 1672 2529 mori.

464 2655 639 2723 {tem
668 2650 741 2723 in
780 2652 1200 2744 eadem,uhi
1226 2650 1510 2724 solvunt
1540 2648 1812 2723 librum
1841 2650 1956 2724 leo
1988 2665 2062 2725 et
2095 2672 2368 2748 agnus:

520 2856 635 2934 Qui
655 2862 815 2919 Deus
843 2870 931 2918 est
951 2876 1217 2937 magnus,
1236 2854 1449 2916 librum
1468 2860 1587 2917 Leo
1614 2856 1784 2917 solvit
1804 2869 1864 2917 et
1893 2859 2117 2937 Agnus.

596 2956 795 3028 Agnus
825 2949 945 3011 sive
969 2954 1089 3011 Leo
1108 2951 1174 3009 fit
1194 2968 1331 3009 caro
1344 2946 1547 3030 juncta
1568 2954 1720 3011 Deo.

452 3142 529 3211 ln
560 3137 693 3211 alia
729 3140 975 3232 vitrea,
1014 3138 1142 3211 ubi
1170 3136 1311 3211 filia
1350 3137 1739 3211 Pharaonis
1766 3138 2037 3212 invenit
2063 3140 2356 3238 Moysen
2380 3138 2456 3213 in

357 3252 621 3329 fiscella
652 3282 670 3327 ε

508 3464 611 3523 Est
638 3458 701 3521 in
730 3460 941 3521 fiscella
961 3464 1185 3539 Moyses
1211 3478 1358 3540 puer
1384 3458 1505 3537 ille,
1530 3458 1726 3541 puella

586 3553 792 3634 Regia,
816 3566 1006 3615 mente
1027 3552 1124 3635 pia
1140 3572 1313 3633 quem
1336 3554 1493 3615 fovet
1522 3552 1798 3615 Ecclesia.

442 3742 529 3810 In
576 3738 830 3813 eadem
864 3740 1115 3831 vitrea,
1159 3740 1288 3813 ubi
1332 3738 1557 3839 Moysi
1604 3737 1957 3810 Dominus
1999 3734 2325 3835 apparuit
2373 3736 2446 3809 in
2511 3698 2526 3709 ⁹

346 3853 513 3949 igne
540 3855 709 3929 rubi
738 3883 757 3928 ε

506 4059 667 4120 Sicut
686 4060 1037 4142 conspicitur
1061 4060 1241 4122 rubus
1266 4058 1360 4121 hic
1381 4059 1608 4133 ardere,
1638 4076 1748 4118 noc
1775 4054 1963 4131 ardet,

503 4155 597 4215 Sic
621 4154 755 4215 divo
780 4154 984 4236 plenus
1012 4155 1124 4217 hoc
1146 4156 1312 4217 ardet
1328 4154 1351 4191 ¹
1376 4152 1451 4216 ab
1470 4153 1629 4234 igne,
1653 4170 1763 4213 nec
1789 4151 1982 4213 ardet.

424 4368 485 4425 1.
519 4366 731 4446 Audet,
759 4364 1055 4443 mendoso,
1078 4366 1177 4429 ed.
1197 4366 1408 4427 Chesu.
