3275 5317
940 610 1057 667 230
1382 602 1718 663 onuvans
1758 582 2184 659 coMPLssTrs
2225 602 2328 657 DE
2369 600 2632 660 sucus.

940 755 1310 814 tantorum
1358 736 1770 827 devotione,
1817 733 2032 806 tantis
2069 733 2600 832 protectoribus
2643 732 3046 805 commoda-

941 872 1098 927 tum
1139 856 1196 927 si
1230 855 1387 953 quis
1416 851 1798 925 temerario
1834 873 2010 921 ausu
2058 849 2342 921 auferre
2397 864 2521 923 aut
2563 850 2876 923 scienter
2925 852 3044 921 mi·

939 995 1166 1045 nuere
1232 967 1767 1069 praesumpserit
1789 1020 1808 1057 ,
1877 964 2129 1037 domni
2194 966 2519 1063 Dionysii
2573 966 2932 1037 offensam
2983 980 3036 1039 el

940 1086 1243 1184 Spiritus
1276 1084 1501 1157 sancti
1532 1106 1882 1154 mucrone
1919 1080 2200 1180 perfodi
2237 1096 2620 1155 mereatur.

1042 1206 1185 1274 Nec
1216 1198 1399 1274 illud
1425 1201 1641 1272 etiam
1677 1199 1883 1273 silere
1921 1198 2221 1295 dignum
2252 1197 2610 1288 duximuS,
2653 1196 2852 1297 quod
2887 1196 3046 1268 dum

941 1316 1328 1416 praefatum
1369 1317 1538 1389 novi
1590 1317 1958 1411 augmenti
2013 1339 2195 1414 opus
2243 1313 2586 1413 capitellis
2631 1328 2702 1385 et
2749 1313 3043 1386 arcubus

930 1431 1433 1531 superioribus
1478 1446 1547 1503 et
1582 1429 1675 1503 ad
1706 1430 2106 1504 altitudinis
2139 1453 2483 1502 cacumen
2516 1428 3043 1529 produceretur,

944 1573 1118 1622 cum
1154 1546 1465 1620 ne‘cdum
1492 1546 1924 1645 principales
1957 1570 2162 1619 arcus
2195 1545 2642 1642 singulariter
2670 1544 2892 1617 veluti
2917 1544 3048 1614 vol-

948 1680 1184 1737 tarum
1212 1662 1501 1735 cumulo
1525 1662 1992 1753 cohaererent,
2028 1660 2367 1734 terribilis
2415 1676 2489 1732 et
2511 1684 2697 1760 pene
2731 1658 3048 1732 tolerabi-

951 1780 1037 1850 lis
1068 1778 1611 1851 obnubilatione
1633 1778 1966 1868 nubium,
2012 1776 2482 1849 inundatione
2509 1776 2892 1867 imbrium,
2933 1775 3044 1846 im—

952 1907 1120 1991 petu
1154 1892 1595 1966 validissimo
1640 1909 2018 1966 ventorum
2077 1891 2315 1966 subito
2351 1892 2797 1991 tempestatis
2833 1904 3050 1963 exorta

952 2023 1058 2082 est
1088 2008 1398 2107 procella
1433 2036 1453 2100 3
1488 2034 1646 2106 quae
1679 2034 1904 2107 usque
1935 2008 2117 2082 adeo
2163 2009 2486 2095 invaluit,
2523 2023 2606 2080 ut
2649 2032 2804 2079 non
2841 2006 3046 2078 solum

952 2121 1219 2196 validas
1264 2120 1550 2215 domos,
1611 2124 1738 2196 sed
1783 2126 1996 2196 etiam
2045 2123 2356 2221 lapideas
2400 2140 2636 2196 turres
2684 2137 2763 2195 et
2815 2122 3046 2217 ligneas

957 2242 1276 2334 tristegas
1302 2240 1765 2312 concusserit.
1819 2244 1921 2312 Ea
1945 2255 2394 2338 tempestate,
2425 2238 2746 2337 quadam
2779 2237 2920 2330 die,
2952 2262 3048 2309 an-

958 2354 1351 2429 niversario
1412 2353 1700 2451 gloriosi
1746 2356 2132 2453 Dagoberti
2169 2357 2353 2452 regis
2377 2410 2396 2447 ,
2435 2381 2604 2428 cum
2657 2354 3050 2427 venerabilis

956 2470 1413 2542 Carnotensis
1476 2471 1851 2569 episcopus
1911 2469 2314 2543 Gaufredus
2375 2471 2625 2543 missas
2689 2472 3049 2567 gratiarum

956 2610 1093 2683 pro
1123 2584 1361 2655 anima
1399 2582 1718 2681 ejusdem
1758 2588 1828 2657 in
1879 2602 2238 2661 conventu
2280 2586 2376 2659 ad
2412 2587 2638 2659 altare
2689 2583 3052 2685 principale

958 2700 1209 2771 festive
1240 2700 1660 2793 celebraret,
1697 2714 1936 2773 tantus
1977 2703 2476 2800 oppositorum
2506 2717 2896 2775 ventorum
2939 2703 3052 2772 im·

954 2829 1160 2911 petus
1180 2814 1511 2912 praefatos
1532 2840 1740 2887 arcus
1767 2815 1966 2889 nullo
1989 2816 2324 2889 suffultos
2342 2815 2588 2916 podio,
2629 2816 2844 2887 nullis
2887 2816 3048 2886 reni-

961 2942 1187 3000 tentes
1246 2929 1595 3025 suffragiis
1656 2931 2133 3029 impingebat,
2210 2946 2290 3005 ut
2357 2932 2856 3005 miserabiliter
2939 2946 3051 3003 tre-

935 3040 1164 3133 'muli,
1197 3057 1270 3114 et
1292 3046 1497 3140 quasi
1510 3044 1682 3116 hinc
1705 3061 1778 3118 et
1791 3045 1958 3118 inde
1973 3046 2397 3119 fluctuantes
2413 3046 2654 3119 subito
2667 3048 3050 3146 pestiferam

956 3156 1406 3230 minarentur
1460 3160 1769 3232 ruinam.
1828 3164 2156 3248 Quorum
2193 3161 2491 3260 quidem
2539 3177 3054 3261 operturarum-

959 3295 1101 3369 que
1142 3272 1648 3370 impulsionem
1675 3300 1844 3348 cum
1885 3276 2261 3375 episcopus
2309 3292 2842 3377 expavesceret,
2895 3300 3056 3375 ἦρε

962 3412 1254 3459 manum
1279 3387 1798 3464 benedictionis
1821 3393 1894 3464 in
1924 3417 2006 3463 ea
2048 3409 2250 3491 parte
2285 3392 2739 3486 extendebat,
2791 3410 2868 3466 et
2913 3393 3062 3464 bra·

956 3502 1202 3575 chium
1226 3506 1450 3577 sancti
1492 3508 1679 3579 senis
1717 3508 2065 3580 Simeonis
2091 3508 2438 3605 signando
2462 3510 2814 3582 instanter
2845 3534 3059 3607 oppo-

956 3619 1198 3709 nebat,
1239 3637 1322 3693 ut
1359 3624 1731 3695 manifeste
1761 3624 1955 3695 nulla
1988 3628 2096 3696 sui
2128 3628 2552 3719 constantia,
2601 3626 2729 3699 sed
2763 3626 2916 3701 sola
2944 3626 3057 3697 Dei

957 3736 1217 3832 pietate
1268 3751 1341 3808 et
1371 3740 1800 3811 Sanctorum
1833 3741 2093 3812 merito
2139 3742 2420 3814 ruinam
2446 3741 2749 3815 evadere
2781 3768 3058 3841 appare·

958 3863 1091 3920 ret.
1130 3852 1385 3948 Sicque
1422 3876 1591 3923 cum
1622 3853 1870 3925 multis
1901 3856 1973 3926 in
2020 3856 2194 3928 locis
2231 3858 2678 3945 firmissimiS,
2743 3874 2824 3931 ut
2879 3873 3064 3957 puta-

958 3961 1198 4055 batur,
1226 3965 1537 4038 aedificiis
1554 3969 1776 4041 multa
1805 3972 2178 4044 ruinarum
2210 3972 2670 4046 incommoda
2688 3974 3059 4061 intulisset,

958 4077 1221 4149 virtute
1255 4081 1535 4178 repulsa
1567 4082 1831 4176 divina,
1871 4085 2344 4159 titubantibus
2373 4090 2450 4160 in
2481 4089 2626 4162 alto
2655 4089 2824 4161 solis
2863 4105 2933 4161 et
2959 4114 3063 4160 re·

960 4191 1288 4265 centibus
1311 4196 1646 4290 arcubus,
1675 4200 1854 4272 nihil
1871 4203 2192 4299 proferre
2215 4204 2582 4302 praevaluit
2597 4204 3054 4277 incommodi.

1060 4312 1397 4383 Secutum
1424 4328 1528 4384 est
1568 4313 1763 4387 aliud
1804 4315 2102 4412 dignum
2136 4321 2478 4393 memoria
2533 4320 2832 4415 factum,
2881 4318 3066 4419 quod
