3275 5317
976 572 1101 629 VIE
1141 574 1239 629 DE
1279 572 1503 631 LOUIS
1545 575 1638 631 LE
1683 573 1902 632 GROS.
2373 576 2484 633 11⁷

386 730 423 769 a:
462 704 700 775 maciae
730 726 871 775 suae
902 704 1261 792 meritum,
1286 727 1433 775 non
1464 704 1536 775 in
1569 717 1809 775 nostra
1837 703 1966 775 sed
1998 706 2072 775 in
2115 719 2294 777 terra
2327 731 2483 799 sua,

381 848 419 885 α
466 842 625 915 quae
640 818 803 913 jure
836 819 1031 915 regio
1056 820 1494 892 Francorum
1534 818 1820 890 Francis
1853 842 2032 917 saepe
2081 820 2490 918 perdomita
2567 826 2579 839 '

381 963 419 1000 α
460 932 778 1029 subjacet
798 936 815 970 ¹
855 961 871 1003 ε
913 949 992 1005 ut
1026 933 1224 1032 quod
1254 934 1385 1032 ipsi
1420 934 1670 1006 furtim
1693 934 1766 1004 in
1818 959 1948 1005 nos
1983 934 2498 1007 machinaban-

378 1077 417 1117 «
457 1063 579 1119 tur
603 1062 1045 1146 attemptare,
1084 1075 1217 1121 nos
1248 1050 1323 1119 in
1359 1074 1482 1121 eos
1512 1073 1764 1121 coram
1795 1064 2338 1147 retorqueamus
2355 1055 2400 1123 ³.
2446 1082 2480 1117 n

374 1160 695 1233 Aliorum
722 1176 963 1234 autern
993 1163 1217 1259 perita
1268 1163 1601 1235 severitas
1655 1161 2127 1262 persuadebat
2167 1188 2292 1235 eos
2327 1162 2488 1236 diu-

378 1278 517 1350 tius
531 1291 926 1375 expectare,
942 1279 1292 1372 ingressos
1317 1279 1648 1351 marchiae
1672 1278 1872 1370 fines,
1892 1304 2058 1351 cum
2075 1281 2227 1376 jam
2247 1280 2488 1375 fugere

377 1392 747 1491 intercepti
797 1393 1179 1490 nequirent
1198 1448 1217 1483 ,
1287 1409 1726 1493 expugnatos
1793 1410 2280 1494 prosternere,
2343 1410 2490 1468 tan-

375 1533 593 1606 quam
648 1510 1077 1581 Sarracenos
1127 1508 1781 1581 immisericorditer
1843 1508 2226 1600 trucidare‚
2284 1509 2491 1582 inhu-

375 1638 565 1698 mata
604 1622 1087 1695 harbarorum
1128 1648 1431 1729 corpora
1466 1624 1653 1723 lupis
1694 1639 1765 1697 et
1817 1626 2047 1697 corvis
2086 1626 2181 1699 ad
2235 1650 2488 1699 eorum

374 1763 770 1837 perennem
826 1739 1289 1835 ignominiam
1360 1765 1744 1840 exponere,
1823 1755 2189 1814 tantorum
2259 1741 2492 1815 homi-

374 1855 733 1929 cidiorum
762 1871 832 1928 et
863 1856 1300 1931 crudelitatis
1330 1881 1617 1931 causam
1659 1872 1862 1930 terrae
1903 1882 2042 1929 suae
2074 1857 2486 1930 defensione

372 1970 781 2071 justificare.
1620 2060 1633 2076 ·

477 2085 903 2161 Ordinantes
935 2104 1179 2161 autem
1230 2090 1429 2185 regni
1476 2114 1808 2188 proceres
1847 2090 1918 2160 in
1970 2089 2230 2187 palatio
2269 2087 2492 2160 bella-

377 2216 622 2275 torum
654 2205 834 2277 acies
857 2229 1101 2277 coram
1134 2228 1323 2299 rege,
1357 2230 1514 2301 quae
1542 2206 1806 2303 quibus
1830 2204 2168 2299 suffragio
2193 2206 2216 2241 ⁸
2239 2204 2490 2301 junge-

375 2333 625 2390 rentur
696 2319 1153 2392 Remensium
1194 2334 1280 2415 'et
1344 2320 1970 2391 Catalaunensium
2037 2318 2225 2390 ultra
2289 2342 2490 2388 sexa-

380 2434 573 2528 ginta
624 2435 869 2527 millia,
938 2451 1089 2507 tam
1139 2435 1464 2532 equitum
1534 2458 1755 2533 quam
1818 2432 2148 2530 peditum
2174 2489 2198 2523 ,
2261 2456 2488 2505 unam

375 2561 869 2644 componunt3
918 2544 1501 2616 Laudunensium
1528 2561 1601 2617 et
1651 2544 2322 2633 suessionensium⁴,
2359 2569 2491 2617 nec

376 2661 647 2730 minori
709 2684 1037 2748 numero,
1100 2659 1483 2731 secundam
1518 2690 1535 2750 ;
1583 2658 2221 2748 Aurelianensium,
2258 2660 2489 2731 Stam-

384 2775 715 2873 pensium
761 2788 833 2847 et
884 2774 1415 2867 parisiensium,
1472 2789 1543 2847 et
1588 2774 1774 2848 beati
1831 2775 2149 2871 Dionysii
2199 2775 2492 2874 copioso

378 2890 691 2963 exercitu
730 2906 803 2962 et
842 2915 1123 2963 coronae
1167 2889 1455 2984 devoto,
1499 2891 1822 2980 tertiam3
1889 2890 2005 2962 cui
2051 2890 2264 2961 etiam
2311 2892 2490 2985 seip-

376 3032 539 3079 sum
573 3008 935 3099 interesse,
960 3030 1083 3105 spe
1101 3006 1417 3101 suffragii
1447 3007 1872 3105 protectoris
1901 3006 2036 3097 sui,
2055 3004 2471 3103 disponens:

380 3154 415 3191 c<
446 3127 619 3214 Hac,
649 3124 908 3220 inquit,
938 3123 1087 3197 acie
1112 3135 1259 3194 tam
1278 3147 1520 3195 secure
1535 3146 1754 3219 quam
1783 3138 2065 3194 strenue
2093 3122 2482 3215 dimicabO,

385 3268 421 3307 α
463 3261 633 3310 cum
677 3220 683 3229 ⁶
698 3254 952 3337 praeter
1013 3254 1425 3311 sanctorum
1495 3236 1957 3311 dominorum
2022 3252 2437 3309 nostrorum
2465 3239 2489 3273 ⁸

386 3386 422 3425 α
456 3357 1001 3453 protectionem,
1055 3356 1274 3428 etiam
1314 3356 1438 3453 qui
1483 3379 1601 3425 me
1653 3354 2136 3451 compatriotae
2185 3352 2484 3422 familia-

388 3501 425 3539 ε(
461 3472 607 3543 rius
652 3472 1161 3559 educaverunt,
1223 3484 1347 3542 aut
1396 3471 1635 3541 vivum
1671 3468 2054 3566 juvabunt,
2098 3482 2224 3537 aut
2279 3490 2490 3536 mor-

385 3614 423 3657 «
470 3602 675 3659 tuum
733 3600 1233 3659 conservantes
1294 3584 1791 3683 reportabunt.
1841 3614 1878 3652 n
1955 3586 2212 3653 Comes
2278 3579 2486 3651 etiam

378 3703 731 3800 palatinus
768 3699 1244 3792 TheobalduS,
1290 3725 1458 3772 cum
1502 3698 1858 3772 avunculo
1908 3694 2136 3769 nobili
2167 3695 2494 3768 Trecensi

464 3930 523 3986 1.
557 3926 883 3998 Subjaceret
911 3928 1131 3985 12710.
1152 3956 1233 3970 —
1254 3928 1313 3985 2.
1344 3930 1783 4000 Inter-queamus
1805 3918 1946 3981 edit.
1973 3921 2172 3979 Germ.

465 4022 527 4079 3.
560 4018 776 4095 Quibus
798 4020 1067 4096 suffragio
1096 4029 1261 4095 quat.
1290 4014 1509 4075 laudati
1545 4012 1793 4075 codice&
1822 4046 1906 4058 —
1938 4012 2154 4086 Quibus
2187 4015 2350 4088 regni
2375 4010 2496 4084 suf-

382 4114 577 4189 fragio
600 4110 763 4185 edd„
795 4131 922 4189 quae
945 4130 1089 4170 voce
1118 4118 1284 4189 regni
1306 4109 1611 4171 manifesto
1646 4106 1994 4166 redundant.

469 4210 526 4265 4.
559 4210 915 4266 Suessionum
945 4208 1162 4267 12710.

466 4302 526 4358 3.
557 4304 880 4358 Nostrorum
912 4300 1025 4357 5123
1051 4310 1109 4357 et
1142 4301 1319 4357 6265.
1354 4330 1429 4341 -
1458 4302 1692 4355 Suormn
1735 4291 1946 4371 reliqui
1971 4290 2144 4349 codd.
2171 4308 2240 4349 ac
2280 4286 2414 4347 edd.
