<?xml version="1.0" encoding="UTF-8"?>
<!DOCTYPE html PUBLIC "-//W3C//DTD XHTML 1.0 Transitional//EN"
    "http://www.w3.org/TR/xhtml1/DTD/xhtml1-transitional.dtd">
<html xmlns="http://www.w3.org/1999/xhtml" xml:lang="en" lang="en">
 <head>
  <title>
</title>
<meta http-equiv="Content-Type" content="text/html;charset=utf-8" />
  <meta name='ocr-system' content='tesseract 3.04.00' />
  <meta name='ocr-capabilities' content='ocr_page ocr_carea ocr_par ocr_line ocrx_word'/>
</head>
<body>
  <div class='ocr_page' id='page_1' title='image "./oeuvrescompltes00marcgoog_0279.png"; bbox 0 0 3275 5317; ppageno 0'>
   <div class='ocr_carea' id='block_1_1' title="bbox 848 632 2540 701">
    <p class='ocr_par' dir='ltr' id='par_1_1' title="bbox 848 632 2540 701">
     <span class='ocr_line' id='line_1_1' title="bbox 848 632 2540 701; baseline 0.002 -10"><span class='ocrx_word' id='word_1_1' title='bbox 848 638 965 701; x_wconf 67' lang='lat'><strong>2226</strong></span> <span class='ocrx_word' id='word_1_2' title='bbox 1286 636 1613 693; x_wconf 84' lang='lat' dir='ltr'>OEUVRES</span> <span class='ocrx_word' id='word_1_3' title='bbox 1655 632 2086 693; x_wconf 79' lang='lat' dir='ltr'><strong>COMPLETES</strong></span> <span class='ocrx_word' id='word_1_4' title='bbox 2129 634 2228 691; x_wconf 86' lang='lat' dir='ltr'><strong>DE</strong></span> <span class='ocrx_word' id='word_1_5' title='bbox 2273 633 2540 695; x_wconf 80' lang='lat' dir='ltr'>SUGER.</span> 
     </span>
    </p>
   </div>
   <div class='ocr_carea' id='block_1_2' title="bbox 1066 975 2726 1027">
    <p class='ocr_par' dir='ltr' id='par_1_2' title="bbox 1066 975 2726 1027">
     <span class='ocr_line' id='line_1_2' title="bbox 1066 975 2726 1027; baseline 0.002 -4"><span class='ocrx_word' id='word_1_6' title='bbox 1066 978 1136 1023; x_wconf 78' lang='lat' dir='ltr'><strong>V.</strong></span> <span class='ocrx_word' id='word_1_7' title='bbox 1194 979 1289 1025; x_wconf 74' lang='lat' dir='ltr'><strong>AD</strong></span> <span class='ocrx_word' id='word_1_8' title='bbox 1325 978 1686 1027; x_wconf 68' lang='lat' dir='ltr'>ULGBRIUM</span> <span class='ocrx_word' id='word_1_9' title='bbox 1717 976 2280 1027; x_wconf 64' lang='lat' dir='ltr'><strong>ARDEGAVENSEM</strong></span> <span class='ocrx_word' id='word_1_10' title='bbox 2309 975 2726 1027; x_wconf 67' lang='lat' dir='ltr'><strong>uvtscoptm.</strong></span> 
     </span>
    </p>
   </div>
   <div class='ocr_carea' id='block_1_3' title="bbox 850 1238 2948 1485">
    <p class='ocr_par' dir='ltr' id='par_1_3' title="bbox 850 1238 2948 1485">
     <span class='ocr_line' id='line_1_3' title="bbox 850 1238 2946 1318; baseline -0.002 -19"><span class='ocrx_word' id='word_1_11' title='bbox 850 1244 1056 1318; x_wconf 81' lang='lat' dir='ltr'><strong>Suger,</strong></span> <span class='ocrx_word' id='word_1_12' title='bbox 1078 1262 1155 1298; x_wconf 80' lang='lat' dir='ltr'><strong>au</strong></span> <span class='ocrx_word' id='word_1_13' title='bbox 1180 1260 1307 1297; x_wconf 79' lang='lat' dir='ltr'><strong>nom</strong></span> <span class='ocrx_word' id='word_1_14' title='bbox 1336 1242 1414 1297; x_wconf 85' lang='lat' dir='ltr'><strong>du</strong></span> <span class='ocrx_word' id='word_1_15' title='bbox 1446 1245 1533 1297; x_wconf 81' lang='lat' dir='ltr'><strong>roi</strong></span> <span class='ocrx_word' id='word_1_16' title='bbox 1564 1238 1763 1297; x_wconf 81' lang='lat' dir='ltr'><em>absent</em></span> <span class='ocrx_word' id='word_1_17' title='bbox 1796 1253 1851 1296; x_wconf 82' lang='lat' dir='ltr'><strong>et</strong></span> <span class='ocrx_word' id='word_1_18' title='bbox 1881 1259 2008 1297; x_wconf 82' lang='lat' dir='ltr'><strong>sous</strong></span> <span class='ocrx_word' id='word_1_19' title='bbox 2045 1242 2106 1294; x_wconf 88' lang='lat' dir='ltr'><strong>la</strong></span> <span class='ocrx_word' id='word_1_20' title='bbox 2140 1242 2356 1297; x_wconf 55' lang='lat' dir='ltr'><strong>teser-ve</strong></span> <span class='ocrx_word' id='word_1_21' title='bbox 2381 1241 2456 1295; x_wconf 83' lang='lat' dir='ltr'><strong>de</strong></span> <span class='ocrx_word' id='word_1_22' title='bbox 2494 1260 2585 1295; x_wconf 79' lang='lat' dir='ltr'><strong>ses</strong></span> <span class='ocrx_word' id='word_1_23' title='bbox 2616 1242 2808 1311; x_wconf 71' lang='lat' dir='ltr'><strong>‹It-aits,</strong></span> <span class='ocrx_word' id='word_1_24' title='bbox 2849 1260 2946 1315; x_wconf 75' lang='lat' dir='ltr'><strong>ap-</strong></span> 
     </span>
     <span class='ocr_line' id='line_1_4' title="bbox 918 1328 2948 1409; baseline -0.001 -21"><span class='ocrx_word' id='word_1_25' title='bbox 918 1352 1131 1409; x_wconf 77' lang='lat' dir='ltr'><strong>prouve</strong></span> <span class='ocrx_word' id='word_1_26' title='bbox 1164 1331 1438 1388; x_wconf 67' lang='lat' dir='ltr'><strong>Pelection</strong></span> <span class='ocrx_word' id='word_1_27' title='bbox 1470 1332 1543 1387; x_wconf 86' lang='lat' dir='ltr'><strong>de</strong></span> <span class='ocrx_word' id='word_1_28' title='bbox 1568 1328 1758 1387; x_wconf 67' lang='lat' dir='ltr'><strong>t’abbe‘</strong></span> <span class='ocrx_word' id='word_1_29' title='bbox 1781 1332 1856 1386; x_wconf 81' lang='lat' dir='ltr'><strong>de</strong></span> <span class='ocrx_word' id='word_1_30' title='bbox 1891 1332 2212 1406; x_wconf 74' lang='lat' dir='ltr'><strong>Bourguee&#39;l,</strong></span> <span class='ocrx_word' id='word_1_31' title='bbox 2248 1330 2398 1405; x_wconf 78' lang='lat' dir='ltr'><strong>faite</strong></span> <span class='ocrx_word' id='word_1_32' title='bbox 2419 1350 2536 1404; x_wconf 81' lang='lat' dir='ltr'><strong>par</strong></span> <span class='ocrx_word' id='word_1_33' title='bbox 2563 1333 2648 1387; x_wconf 85' lang='lat' dir='ltr'><strong>les</strong></span> <span class='ocrx_word' id='word_1_34' title='bbox 2677 1332 2948 1406; x_wconf 73' lang='lat' dir='ltr'><em>religieux</em></span> 
     </span>
     <span class='ocr_line' id='line_1_5' title="bbox 928 1424 1449 1485; baseline 0.006 -4"><span class='ocrx_word' id='word_1_35' title='bbox 928 1428 1003 1481; x_wconf 86' lang='lat' dir='ltr'><strong>de</strong></span> <span class='ocrx_word' id='word_1_36' title='bbox 1028 1445 1093 1481; x_wconf 83' lang='lat' dir='ltr'><strong>ce</strong></span> <span class='ocrx_word' id='word_1_37' title='bbox 1118 1424 1449 1485; x_wconf 57' lang='lat' dir='ltr'><strong>monaster-e.</strong></span> 
     </span>
    </p>
   </div>
   <div class='ocr_carea' id='block_1_4' title="bbox 1803 1582 2013 1665">
    <p class='ocr_par' dir='ltr' id='par_1_4' title="bbox 1803 1582 2013 1665">
     <span class='ocr_line' id='line_1_6' title="bbox 1803 1582 2013 1665; baseline 0.014 -24"><span class='ocrx_word' id='word_1_38' title='bbox 1803 1582 2013 1665; x_wconf 75' lang='lat'>(1148)</span> 
     </span>
    </p>
   </div>
   <div class='ocr_carea' id='block_1_5' title="bbox 854 1793 2958 2239">
    <p class='ocr_par' dir='ltr' id='par_1_5' title="bbox 854 1793 2958 2239">
     <span class='ocr_line' id='line_1_7' title="bbox 950 1793 2958 1892; baseline -0.001 -23"><span class='ocrx_word' id='word_1_39' title='bbox 950 1797 1267 1869; x_wconf 90' lang='lat' dir='ltr'><strong>Domino</strong></span> <span class='ocrx_word' id='word_1_40' title='bbox 1317 1812 1387 1869; x_wconf 87' lang='lat' dir='ltr'><strong>et</strong></span> <span class='ocrx_word' id='word_1_41' title='bbox 1435 1796 1872 1887; x_wconf 84' lang='lat' dir='ltr'><strong>venerabili,</strong></span> <span class='ocrx_word' id='word_1_42' title='bbox 1927 1798 2059 1869; x_wconf 86' lang='lat' dir='ltr'><strong>Dei</strong></span> <span class='ocrx_word' id='word_1_43' title='bbox 2109 1797 2330 1892; x_wconf 81' lang='lat' dir='ltr'><strong>gratia</strong></span> <span class='ocrx_word' id='word_1_44' title='bbox 2349 1855 2372 1883; x_wconf 88' lang='lat'><strong>,</strong></span> <span class='ocrx_word' id='word_1_45' title='bbox 2419 1793 2958 1891; x_wconf 78' lang='lat' dir='ltr'><strong>Andegavorum</strong></span> 
     </span>
     <span class='ocr_line' id='line_1_8' title="bbox 856 1910 2958 2009; baseline -0 -28"><span class='ocrx_word' id='word_1_46' title='bbox 856 1912 1193 2009; x_wconf 89' lang='lat' dir='ltr'><strong>episcopo</strong></span> <span class='ocrx_word' id='word_1_47' title='bbox 1258 1910 1537 2007; x_wconf 86' lang='lat' dir='ltr'><strong>Ulgerio</strong></span> <span class='ocrx_word' id='word_1_48' title='bbox 1568 1968 1588 2006; x_wconf 89' lang='lat'><strong>,</strong></span> <span class='ocrx_word' id='word_1_49' title='bbox 1658 1912 1991 2007; x_wconf 79' lang='lat' dir='ltr'><strong>sugerius</strong></span> <span class='ocrx_word' id='word_1_50' title='bbox 2015 1966 2035 2003; x_wconf 91' lang='lat'>‚</span> <span class='ocrx_word' id='word_1_51' title='bbox 2107 1910 2360 1983; x_wconf 87' lang='lat' dir='ltr'><strong>eadem</strong></span> <span class='ocrx_word' id='word_1_52' title='bbox 2429 1910 2653 2006; x_wconf 85' lang='lat' dir='ltr'><strong>gratia</strong></span> <span class='ocrx_word' id='word_1_53' title='bbox 2681 1963 2702 2000; x_wconf 89' lang='lat'><strong>,</strong></span> <span class='ocrx_word' id='word_1_54' title='bbox 2775 1910 2958 1980; x_wconf 82' lang='lat' dir='ltr'><strong>Beati</strong></span> 
     </span>
     <span class='ocr_line' id='line_1_9' title="bbox 854 2024 2958 2123; baseline -0.002 -25"><span class='ocrx_word' id='word_1_55' title='bbox 854 2026 1176 2123; x_wconf 82' lang='lat' dir='ltr'>Dionysii</span> <span class='ocrx_word' id='word_1_56' title='bbox 1220 2025 1471 2116; x_wconf 78' lang='lat' dir='ltr'><strong>abbaS,</strong></span> <span class='ocrx_word' id='word_1_57' title='bbox 1523 2026 1818 2099; x_wconf 82' lang='lat' dir='ltr'><strong>devotas</strong></span> <span class='ocrx_word' id='word_1_58' title='bbox 1871 2028 1942 2099; x_wconf 87' lang='lat' dir='ltr'><strong>in</strong></span> <span class='ocrx_word' id='word_1_59' title='bbox 1995 2024 2275 2098; x_wconf 84' lang='lat' dir='ltr'><strong>Christo</strong></span> <span class='ocrx_word' id='word_1_60' title='bbox 2309 2026 2669 2098; x_wconf 86' lang='lat' dir='ltr'><strong>orationes</strong></span> <span class='ocrx_word' id='word_1_61' title='bbox 2707 2039 2780 2096; x_wconf 88' lang='lat' dir='ltr'><strong>et</strong></span> <span class='ocrx_word' id='word_1_62' title='bbox 2821 2026 2958 2095; x_wconf 86' lang='lat' dir='ltr'><strong>sin·</strong></span> 
     </span>
     <span class='ocr_line' id='line_1_10' title="bbox 854 2140 1944 2239; baseline -0.002 -26"><span class='ocrx_word' id='word_1_63' title='bbox 854 2165 1031 2213; x_wconf 84' lang='lat' dir='ltr'><strong>cerae</strong></span> <span class='ocrx_word' id='word_1_64' title='bbox 1061 2140 1463 2213; x_wconf 82' lang='lat' dir='ltr'><strong>devotionis</strong></span> <span class='ocrx_word' id='word_1_65' title='bbox 1492 2140 1944 2239; x_wconf 83' lang='lat' dir='ltr'><strong>obsequium.</strong></span> 
     </span>
    </p>
   </div>
   <div class='ocr_carea' id='block_1_6' title="bbox 954 2265 2960 2363">
    <p class='ocr_par' dir='ltr' id='par_1_6' title="bbox 954 2265 2960 2363">
     <span class='ocr_line' id='line_1_11' title="bbox 954 2265 2960 2363; baseline 0 -28"><span class='ocrx_word' id='word_1_66' title='bbox 954 2266 1309 2363; x_wconf 89' lang='lat' dir='ltr'><strong>Susceptis</strong></span> <span class='ocrx_word' id='word_1_67' title='bbox 1370 2265 1924 2360; x_wconf 83' lang='lat' dir='ltr'><strong>gratissimarum</strong></span> <span class='ocrx_word' id='word_1_68' title='bbox 1981 2265 2351 2338; x_wconf 86' lang='lat' dir='ltr'><strong>literarum</strong></span> <span class='ocrx_word' id='word_1_69' title='bbox 2400 2280 2798 2337; x_wconf 81' lang='lat' dir='ltr'><strong>vestrarum</strong></span> <span class='ocrx_word' id='word_1_70' title='bbox 2845 2290 2960 2337; x_wconf 83' lang='lat' dir='ltr'><strong>ve·</strong></span> 
     </span>
    </p>
   </div>
   <div class='ocr_carea' id='block_1_7' title="bbox 804 2388 2984 3869">
    <p class='ocr_par' dir='ltr' id='par_1_7' title="bbox 804 2388 2984 3869">
     <span class='ocr_line' id='line_1_12' title="bbox 858 2388 2959 2487; baseline 0 -28"><span class='ocrx_word' id='word_1_71' title='bbox 858 2389 1189 2459; x_wconf 80' lang='lat' dir='ltr'><strong>nerandis</strong></span> <span class='ocrx_word' id='word_1_72' title='bbox 1222 2388 1569 2487; x_wconf 87' lang='lat' dir='ltr'><strong>apicibus,</strong></span> <span class='ocrx_word' id='word_1_73' title='bbox 1604 2414 1826 2487; x_wconf 87' lang='lat' dir='ltr'><strong>usque</strong></span> <span class='ocrx_word' id='word_1_74' title='bbox 1858 2390 2068 2479; x_wconf 87' lang='lat' dir='ltr'><strong>adeo,</strong></span> <span class='ocrx_word' id='word_1_75' title='bbox 2107 2390 2235 2460; x_wconf 84' lang='lat' dir='ltr'><strong>etsi</strong></span> <span class='ocrx_word' id='word_1_76' title='bbox 2268 2388 2595 2461; x_wconf 84' lang='lat' dir='ltr'><strong>duriores</strong></span> <span class='ocrx_word' id='word_1_77' title='bbox 2627 2414 2959 2477; x_wconf 85' lang='lat' dir='ltr'>essemus,</span> 
     </span>
     <span class='ocr_line' id='line_1_13' title="bbox 858 2504 2963 2603; baseline -0 -28"><span class='ocrx_word' id='word_1_78' title='bbox 858 2530 993 2575; x_wconf 91' lang='lat' dir='ltr'><strong>nos</strong></span> <span class='ocrx_word' id='word_1_79' title='bbox 1035 2504 1318 2586; x_wconf 84' lang='lat' dir='ltr'><strong>deflecti</strong></span> <span class='ocrx_word' id='word_1_80' title='bbox 1351 2507 1699 2603; x_wconf 87' lang='lat' dir='ltr'><strong>oportuit,</strong></span> <span class='ocrx_word' id='word_1_81' title='bbox 1737 2522 1818 2579; x_wconf 90' lang='lat' dir='ltr'><strong>ut</strong></span> <span class='ocrx_word' id='word_1_82' title='bbox 1856 2505 2182 2578; x_wconf 85' lang='lat' dir='ltr'><strong>debitum</strong></span> <span class='ocrx_word' id='word_1_83' title='bbox 2223 2507 2424 2601; x_wconf 86' lang='lat' dir='ltr'><strong>regni</strong></span> <span class='ocrx_word' id='word_1_84' title='bbox 2451 2561 2471 2598; x_wconf 93' lang='lat'><strong>,</strong></span> <span class='ocrx_word' id='word_1_85' title='bbox 2511 2508 2629 2577; x_wconf 89' lang='lat' dir='ltr'><strong>cui</strong></span> <span class='ocrx_word' id='word_1_86' title='bbox 2665 2505 2963 2577; x_wconf 84' lang='lat' dir='ltr'><strong>fideliter</strong></span> 
     </span>
     <span class='ocr_line' id='line_1_14' title="bbox 860 2619 2966 2719; baseline -0 -27"><span class='ocrx_word' id='word_1_87' title='bbox 860 2619 1214 2693; x_wconf 86' lang='lat' dir='ltr'><strong>deservire</strong></span> <span class='ocrx_word' id='word_1_88' title='bbox 1247 2621 1605 2711; x_wconf 80' lang='lat' dir='ltr'><strong>volumuS,</strong></span> <span class='ocrx_word' id='word_1_89' title='bbox 1640 2647 1823 2719; x_wconf 88' lang='lat' dir='ltr'><strong>pene</strong></span> <span class='ocrx_word' id='word_1_90' title='bbox 1855 2622 2200 2694; x_wconf 83' lang='lat' dir='ltr'><strong>oblivioni</strong></span> <span class='ocrx_word' id='word_1_91' title='bbox 2237 2620 2707 2709; x_wconf 80' lang='lat' dir='ltr'><strong>traderemuS,</strong></span> <span class='ocrx_word' id='word_1_92' title='bbox 2745 2636 2822 2693; x_wconf 88' lang='lat' dir='ltr'><strong>et</strong></span> <span class='ocrx_word' id='word_1_93' title='bbox 2845 2620 2966 2691; x_wconf 88' lang='lat' dir='ltr'><strong>be·</strong></span> 
     </span>
     <span class='ocr_line' id='line_1_15' title="bbox 858 2735 2968 2835; baseline -0.001 -28"><span class='ocrx_word' id='word_1_94' title='bbox 858 2737 1213 2835; x_wconf 84' lang='lat' dir='ltr'><strong>neplacito</strong></span> <span class='ocrx_word' id='word_1_95' title='bbox 1260 2751 1499 2808; x_wconf 80' lang='lat' dir='ltr'><strong>vestro</strong></span> <span class='ocrx_word' id='word_1_96' title='bbox 1547 2762 1798 2809; x_wconf 84' lang='lat' dir='ltr'><strong>aurem</strong></span> <span class='ocrx_word' id='word_1_97' title='bbox 1845 2737 2582 2809; x_wconf 83' lang='lat' dir='ltr'><strong>accommodaremus.</strong></span> <span class='ocrx_word' id='word_1_98' title='bbox 2645 2735 2968 2807; x_wconf 88' lang='lat' dir='ltr'><strong>Nolentes</strong></span> 
     </span>
     <span class='ocr_line' id='line_1_16' title="bbox 859 2850 2970 2947; baseline -0 -24"><span class='ocrx_word' id='word_1_99' title='bbox 859 2852 1075 2946; x_wconf 86' lang='lat' dir='ltr'><strong>igitur</strong></span> <span class='ocrx_word' id='word_1_100' title='bbox 1116 2852 1481 2925; x_wconf 85' lang='lat' dir='ltr'><strong>ecclesiam</strong></span> <span class='ocrx_word' id='word_1_101' title='bbox 1516 2853 2048 2947; x_wconf 86' lang='lat' dir='ltr'><strong>Burguliensem</strong></span> <span class='ocrx_word' id='word_1_102' title='bbox 2094 2850 2363 2925; x_wconf 87' lang='lat' dir='ltr'><strong>diutius</strong></span> <span class='ocrx_word' id='word_1_103' title='bbox 2403 2851 2802 2946; x_wconf 83' lang='lat' dir='ltr'><strong>defatigari,</strong></span> <span class='ocrx_word' id='word_1_104' title='bbox 2844 2876 2970 2922; x_wconf 89' lang='lat' dir='ltr'><strong>nec</strong></span> 
     </span>
     <span class='ocr_line' id='line_1_17' title="bbox 859 2964 2970 3063; baseline 0 -26"><span class='ocrx_word' id='word_1_105' title='bbox 859 2968 1065 3061; x_wconf 85' lang='lat' dir='ltr'><strong>regiae</strong></span> <span class='ocrx_word' id='word_1_106' title='bbox 1112 2969 1490 3063; x_wconf 85' lang='lat' dir='ltr'><strong>majestatis</strong></span> <span class='ocrx_word' id='word_1_107' title='bbox 1541 2967 1958 3063; x_wconf 81' lang='lat' dir='ltr'><strong>dignitatem</strong></span> <span class='ocrx_word' id='word_1_108' title='bbox 2009 2968 2340 3059; x_wconf 84' lang='lat' dir='ltr'><strong>diminui,</strong></span> <span class='ocrx_word' id='word_1_109' title='bbox 2378 2993 2606 3040; x_wconf 88' lang='lat' dir='ltr'><strong>unum</strong></span> <span class='ocrx_word' id='word_1_110' title='bbox 2652 2964 2970 3039; x_wconf 83' lang='lat' dir='ltr'><strong>faciendo</strong></span> 
     </span>
     <span class='ocr_line' id='line_1_18' title="bbox 863 3081 2970 3181; baseline -0 -29"><span class='ocrx_word' id='word_1_111' title='bbox 863 3096 934 3152; x_wconf 90' lang='lat' dir='ltr'><strong>et</strong></span> <span class='ocrx_word' id='word_1_112' title='bbox 982 3081 1285 3153; x_wconf 84' lang='lat' dir='ltr'><strong>alterum</strong></span> <span class='ocrx_word' id='word_1_113' title='bbox 1322 3082 1756 3169; x_wconf 82' lang='lat' dir='ltr'><strong>omittendO,</strong></span> <span class='ocrx_word' id='word_1_114' title='bbox 1809 3107 2054 3157; x_wconf 82' lang='lat' dir='ltr'><strong>amore</strong></span> <span class='ocrx_word' id='word_1_115' title='bbox 2111 3084 2235 3154; x_wconf 87' lang='lat' dir='ltr'><strong>Dei</strong></span> <span class='ocrx_word' id='word_1_116' title='bbox 2283 3098 2356 3153; x_wconf 89' lang='lat' dir='ltr'><strong>et</strong></span> <span class='ocrx_word' id='word_1_117' title='bbox 2403 3107 2621 3181; x_wconf 90' lang='lat' dir='ltr'><strong>prece</strong></span> <span class='ocrx_word' id='word_1_118' title='bbox 2677 3097 2906 3154; x_wconf 82' lang='lat' dir='ltr'><strong>vestra</strong></span> <span class='ocrx_word' id='word_1_119' title='bbox 2923 3088 2970 3167; x_wconf 86' lang='lat'><strong>¹,</strong></span> 
     </span>
     <span class='ocr_line' id='line_1_19' title="bbox 863 3196 2976 3293; baseline 0 -29"><span class='ocrx_word' id='word_1_120' title='bbox 863 3218 1077 3292; x_wconf 87' lang='lat' dir='ltr'><strong>quem</strong></span> <span class='ocrx_word' id='word_1_121' title='bbox 1126 3196 1434 3268; x_wconf 70' lang='lat' dir='ltr'><strong>multum</strong></span> <span class='ocrx_word' id='word_1_122' title='bbox 1491 3197 1876 3293; x_wconf 81' lang='lat' dir='ltr'><strong>diligimus,</strong></span> <span class='ocrx_word' id='word_1_123' title='bbox 1935 3213 2007 3272; x_wconf 89' lang='lat' dir='ltr'><strong>et</strong></span> <span class='ocrx_word' id='word_1_124' title='bbox 2068 3198 2534 3293; x_wconf 83' lang='lat' dir='ltr'><strong>Burguliensis</strong></span> <span class='ocrx_word' id='word_1_125' title='bbox 2584 3210 2976 3268; x_wconf 79' lang='lat' dir='ltr'><strong>conventus</strong></span> 
     </span>
     <span class='ocr_line' id='line_1_20' title="bbox 804 3309 2977 3408; baseline 0 -28"><span class='ocrx_word' id='word_1_126' title='bbox 804 3338 813 3355; x_wconf 93' lang='lat'><strong>·</strong></span> <span class='ocrx_word' id='word_1_127' title='bbox 856 3309 1523 3408; x_wconf 72' lang='lat' dir='ltr'><strong>supplicationibuS,</strong></span> <span class='ocrx_word' id='word_1_128' title='bbox 1558 3312 1888 3385; x_wconf 91' lang='lat' dir='ltr'><strong>electioni</strong></span> <span class='ocrx_word' id='word_1_129' title='bbox 1927 3338 2178 3387; x_wconf 89' lang='lat' dir='ltr'><strong>eorum</strong></span> <span class='ocrx_word' id='word_1_130' title='bbox 2213 3338 2603 3404; x_wconf 80' lang='lat' dir='ltr'><strong>assensum,</strong></span> <span class='ocrx_word' id='word_1_131' title='bbox 2641 3313 2836 3384; x_wconf 86' lang='lat' dir='ltr'><strong>salvo</strong></span> <span class='ocrx_word' id='word_1_132' title='bbox 2865 3336 2977 3381; x_wconf 87' lang='lat' dir='ltr'><strong>re-</strong></span> 
     </span>
     <span class='ocr_line' id='line_1_21' title="bbox 872 3422 2979 3521; baseline 0.001 -30"><span class='ocrx_word' id='word_1_133' title='bbox 872 3424 991 3517; x_wconf 84' lang='lat' dir='ltr'><strong>gni</strong></span> <span class='ocrx_word' id='word_1_134' title='bbox 1010 3422 1199 3518; x_wconf 85' lang='lat' dir='ltr'><strong>jure,</strong></span> <span class='ocrx_word' id='word_1_135' title='bbox 1224 3422 1458 3494; x_wconf 83' lang='lat' dir='ltr'><strong>taliter</strong></span> <span class='ocrx_word' id='word_1_136' title='bbox 1483 3424 1843 3513; x_wconf 83' lang='lat' dir='ltr'><strong>dedimus,</strong></span> <span class='ocrx_word' id='word_1_137' title='bbox 1875 3441 1984 3516; x_wconf 88' lang='lat' dir='ltr'><strong>ut,</strong></span> <span class='ocrx_word' id='word_1_138' title='bbox 2007 3426 2066 3496; x_wconf 86' lang='lat' dir='ltr'><strong>si</strong></span> <span class='ocrx_word' id='word_1_139' title='bbox 2099 3424 2273 3521; x_wconf 90' lang='lat' dir='ltr'><strong>quid</strong></span> <span class='ocrx_word' id='word_1_140' title='bbox 2307 3424 2472 3496; x_wconf 90' lang='lat' dir='ltr'><strong>inde</strong></span> <span class='ocrx_word' id='word_1_141' title='bbox 2499 3440 2750 3496; x_wconf 85' lang='lat' dir='ltr'><strong>contra</strong></span> <span class='ocrx_word' id='word_1_142' title='bbox 2775 3424 2979 3519; x_wconf 79' lang='lat' dir='ltr'><strong>regiae</strong></span> 
     </span>
     <span class='ocr_line' id='line_1_22' title="bbox 867 3537 2976 3633; baseline 0.001 -26"><span class='ocrx_word' id='word_1_143' title='bbox 867 3537 1245 3633; x_wconf 84' lang='lat' dir='ltr'><strong>majestatis</strong></span> <span class='ocrx_word' id='word_1_144' title='bbox 1308 3539 1543 3610; x_wconf 85' lang='lat' dir='ltr'><strong>minus</strong></span> <span class='ocrx_word' id='word_1_145' title='bbox 1608 3539 1794 3611; x_wconf 89' lang='lat' dir='ltr'><strong>bene</strong></span> <span class='ocrx_word' id='word_1_146' title='bbox 1848 3541 2116 3611; x_wconf 84' lang='lat' dir='ltr'><strong>factum</strong></span> <span class='ocrx_word' id='word_1_147' title='bbox 2175 3540 2310 3612; x_wconf 86' lang='lat' dir='ltr'><strong>fuit</strong></span> <span class='ocrx_word' id='word_1_148' title='bbox 2339 3596 2360 3628; x_wconf 91' lang='lat'><strong>,</strong></span> <span class='ocrx_word' id='word_1_149' title='bbox 2426 3540 2721 3610; x_wconf 87' lang='lat' dir='ltr'><strong>domino</strong></span> <span class='ocrx_word' id='word_1_150' title='bbox 2783 3538 2976 3632; x_wconf 84' lang='lat' dir='ltr'><strong>regi,</strong></span> 
     </span>
     <span class='ocr_line' id='line_1_23' title="bbox 867 3652 2978 3748; baseline -0 -25"><span class='ocrx_word' id='word_1_151' title='bbox 867 3652 1157 3748; x_wconf 86' lang='lat' dir='ltr'><strong>quando</strong></span> <span class='ocrx_word' id='word_1_152' title='bbox 1191 3656 1345 3723; x_wconf 90' lang='lat' dir='ltr'><strong>Deo</strong></span> <span class='ocrx_word' id='word_1_153' title='bbox 1399 3654 1684 3726; x_wconf 86' lang='lat' dir='ltr'><strong>volente</strong></span> <span class='ocrx_word' id='word_1_154' title='bbox 1721 3655 2040 3747; x_wconf 87' lang='lat' dir='ltr'><strong>redierit,</strong></span> <span class='ocrx_word' id='word_1_155' title='bbox 2078 3654 2260 3726; x_wconf 86' lang='lat' dir='ltr'><strong>sicut</strong></span> <span class='ocrx_word' id='word_1_156' title='bbox 2305 3653 2530 3726; x_wconf 91' lang='lat' dir='ltr'><strong>modo</strong></span> <span class='ocrx_word' id='word_1_157' title='bbox 2581 3656 2636 3725; x_wconf 87' lang='lat' dir='ltr'><strong>si</strong></span> <span class='ocrx_word' id='word_1_158' title='bbox 2675 3652 2978 3740; x_wconf 81' lang='lat' dir='ltr'><strong>adesset,</strong></span> 
     </span>
     <span class='ocr_line' id='line_1_24' title="bbox 868 3764 2984 3869; baseline 0 -34"><span class='ocrx_word' id='word_1_159' title='bbox 868 3766 925 3836; x_wconf 89' lang='lat' dir='ltr'><strong>si</strong></span> <span class='ocrx_word' id='word_1_160' title='bbox 976 3768 1038 3837; x_wconf 87' lang='lat' dir='ltr'><strong>ei</strong></span> <span class='ocrx_word' id='word_1_161' title='bbox 1088 3766 1455 3864; x_wconf 80' lang='lat' dir='ltr'><strong>placuerit,</strong></span> <span class='ocrx_word' id='word_1_162' title='bbox 1506 3768 1785 3864; x_wconf 88' lang='lat' dir='ltr'><strong>judicio</strong></span> <span class='ocrx_word' id='word_1_163' title='bbox 1829 3770 2040 3843; x_wconf 86' lang='lat' dir='ltr'><strong>curiae</strong></span> <span class='ocrx_word' id='word_1_164' title='bbox 2089 3794 2232 3841; x_wconf 83' lang='lat' dir='ltr'><strong>suae</strong></span> <span class='ocrx_word' id='word_1_165' title='bbox 2301 3768 2806 3869; x_wconf 85' lang='lat' dir='ltr'><strong>respondeant,</strong></span> <span class='ocrx_word' id='word_1_166' title='bbox 2867 3764 2984 3837; x_wconf 72' lang='lat' dir='ltr'><strong>vel</strong></span> 
     </span>
    </p>
   </div>
   <div class='ocr_carea' id='block_1_8' title="bbox 868 4062 2982 4327">
    <p class='ocr_par' dir='ltr' id='par_1_8' title="bbox 868 4062 2982 4327">
     <span class='ocr_line' id='line_1_25' title="bbox 872 4062 2982 4144; baseline -0 -23"><span class='ocrx_word' id='word_1_167' title='bbox 872 4075 991 4121; x_wconf 85' lang='lat' dir='ltr'><strong>tum</strong></span> <span class='ocrx_word' id='word_1_168' title='bbox 1034 4080 1137 4121; x_wconf 86' lang='lat' dir='ltr'><strong>rex</strong></span> <span class='ocrx_word' id='word_1_169' title='bbox 1178 4062 1459 4143; x_wconf 84' lang='lat' dir='ltr'><strong>Rogerius</strong></span> <span class='ocrx_word' id='word_1_170' title='bbox 1488 4062 1795 4144; x_wconf 83' lang='lat' dir='ltr'><strong>Sugerium</strong></span> <span class='ocrx_word' id='word_1_171' title='bbox 1837 4062 2101 4139; x_wconf 86' lang='lat' dir='ltr'><strong>coluerit,</strong></span> <span class='ocrx_word' id='word_1_172' title='bbox 2141 4062 2272 4122; x_wconf 82' lang='lat' dir='ltr'><strong>vide</strong></span> <span class='ocrx_word' id='word_1_173' title='bbox 2311 4064 2467 4142; x_wconf 81' lang='lat' dir='ltr'><strong>apud</strong></span> <span class='ocrx_word' id='word_1_174' title='bbox 2499 4064 2572 4127; x_wconf 83' lang='lat' dir='ltr'><strong>fr.</strong></span> <span class='ocrx_word' id='word_1_175' title='bbox 2603 4062 2982 4135; x_wconf 76' lang='lat' dir='ltr'><strong>willelmum,</strong></span> 
     </span>
     <span class='ocr_line' id='line_1_26' title="bbox 868 4154 2982 4237; baseline 0.001 -25"><span class='ocrx_word' id='word_1_176' title='bbox 868 4156 1011 4213; x_wconf 85' lang='lat' dir='ltr'><strong>Vitae</strong></span> <span class='ocrx_word' id='word_1_177' title='bbox 1050 4155 1277 4235; x_wconf 79' lang='lat' dir='ltr'><strong>Sugerii</strong></span> <span class='ocrx_word' id='word_1_178' title='bbox 1318 4171 1636 4229; x_wconf 81' lang='lat' dir='ltr'><strong>auctorem,</strong></span> <span class='ocrx_word' id='word_1_179' title='bbox 1683 4156 1786 4215; x_wconf 86' lang='lat' dir='ltr'><strong>lib.</strong></span> <span class='ocrx_word' id='word_1_180' title='bbox 1827 4160 1875 4235; x_wconf 89' lang='lat'><strong>1,</strong></span> <span class='ocrx_word' id='word_1_181' title='bbox 1921 4169 1978 4215; x_wconf 85' lang='lat' dir='ltr'><strong>et</strong></span> <span class='ocrx_word' id='word_1_182' title='bbox 2016 4156 2278 4216; x_wconf 87' lang='lat' dir='ltr'><strong>Odonem</strong></span> <span class='ocrx_word' id='word_1_183' title='bbox 2317 4157 2391 4216; x_wconf 87' lang='lat' dir='ltr'><strong>de</strong></span> <span class='ocrx_word' id='word_1_184' title='bbox 2431 4155 2690 4236; x_wconf 83' lang='lat' dir='ltr'><strong>Diogilo,</strong></span> <span class='ocrx_word' id='word_1_185' title='bbox 2729 4154 2838 4216; x_wconf 85' lang='lat' dir='ltr'><strong>lib.</strong></span> <span class='ocrx_word' id='word_1_186' title='bbox 2877 4158 2982 4237; x_wconf 72' lang='lat' dir='ltr'><strong>IV,</strong></span> 
     </span>
     <span class='ocr_line' id='line_1_27' title="bbox 869 4251 1064 4327; baseline 0.026 -21"><span class='ocrx_word' id='word_1_187' title='bbox 869 4269 927 4327; x_wconf 88' lang='lat' dir='ltr'><strong>p.</strong></span> <span class='ocrx_word' id='word_1_188' title='bbox 964 4251 1064 4311; x_wconf 74' lang='lat'><strong>46.</strong></span> 
     </span>
    </p>
   </div>
   <div class='ocr_carea' id='block_1_9' title="bbox 952 4340 2561 4419">
    <p class='ocr_par' dir='ltr' id='par_1_9' title="bbox 952 4340 2561 4419">
     <span class='ocr_line' id='line_1_28' title="bbox 952 4340 2561 4419; baseline -0.001 -17"><span class='ocrx_word' id='word_1_189' title='bbox 952 4348 978 4401; x_wconf 77' lang='lat'><strong>1</strong></span> <span class='ocrx_word' id='word_1_190' title='bbox 997 4388 1012 4402; x_wconf 89' lang='lat'><strong>.</strong></span> <span class='ocrx_word' id='word_1_191' title='bbox 1046 4344 1243 4400; x_wconf 70' lang='lat' dir='ltr'><strong>Vestrt</strong></span> <span class='ocrx_word' id='word_1_192' title='bbox 1257 4340 1613 4403; x_wconf 67' lang='lat' dir='ltr'><strong>emendatius</strong></span> <span class='ocrx_word' id='word_1_193' title='bbox 1639 4341 1970 4419; x_wconf 85' lang='lat' dir='ltr'><strong>legendum.</strong></span> <span class='ocrx_word' id='word_1_194' title='bbox 1997 4376 2077 4389; x_wconf 95' lang='lat'><strong>—</strong></span> <span class='ocrx_word' id='word_1_195' title='bbox 2109 4346 2314 4401; x_wconf 78' lang='lat' dir='ltr'><strong>Vestra</strong></span> <span class='ocrx_word' id='word_1_196' title='bbox 2335 4340 2398 4401; x_wconf 85' lang='lat' dir='ltr'><strong>in</strong></span> <span class='ocrx_word' id='word_1_197' title='bbox 2423 4341 2561 4402; x_wconf 80' lang='lat' dir='ltr'><strong>edd.</strong></span> 
     </span>
    </p>
   </div>
  </div>
 </body>
</html>
