3275 5317
878 544 992 599 272
1310 545 1635 605 OEuvans
1675 524 2102 601 comparas
2141 542 2241 597 ns
2283 542 2548 602 susm.

877 674 1243 771 pendiensi
1269 676 1587 766 ecclesia,
1613 698 1770 771 quae
1803 672 1893 745 de
1913 673 2072 770 jure
2101 672 2292 744 beati
2327 676 2512 745 Petri
2537 689 2764 745 vestra
2790 676 2935 747 iuni-

880 790 1052 861 titur
1093 792 1549 879 auctoritate,
1598 815 1741 861 una
1789 787 1881 859 de
1919 787 2392 859 nobilioribus
2439 788 2849 879 Galliarum,
2891 792 2935 861 si

878 905 1157 977 infamis
1214 908 1594 979 enormitas
1651 904 2167 977 canonicorum
2230 902 2777 975 inhabitantium
2821 930 2934 976 non

878 1020 1284 1115 obstitisset,
1334 1024 1658 1095 existenS.
1703 1018 1919 1108 Quod
1955 1018 2414 1091 memorabile
2461 1019 2724 1091 factum
2755 1044 2936 1115 quare

878 1137 989 1208 vel
1030 1138 1401 1235 quomodo
1455 1136 1736 1209 effectui
1787 1135 2170 1233 mancipari
2225 1135 2577 1233 potuerit,
2627 1134 2934 1233 stupendo

878 1255 1341 1348 admiramur,
1380 1256 1515 1327 nisi
1549 1255 1718 1352 quia
1753 1276 2040 1325 manum
2073 1252 2366 1325 Domini
2405 1276 2557 1324 non
2606 1251 2933 1323 invalidam

879 1385 950 1442 et
989 1371 1174 1443 Petri
1222 1369 1711 1443 fortitudinem
1771 1368 1846 1439 in
1897 1367 2012 1438 his
2060 1384 2130 1440 et
2175 1368 2289 1440 his
2337 1366 2686 1440 similibus
2735 1381 2797 1437 et
2833 1391 2935 1463 per

880 1488 1121 1558 omnia
1157 1486 1641 1581 cognovimus.
1685 1483 2034 1556 Subversa
2076 1498 2277 1577 sunt,
2330 1488 2542 1555 Pater
2589 1482 2929 1569 carissime,

878 1600 969 1672 ad
993 1603 1475 1673 executionem
1510 1614 1766 1672 sanctae
1786 1599 2277 1699 praeceptionis
2297 1613 2574 1689 vestrae,
2607 1612 2810 1669 castra
2837 1597 2935 1666 ini-

882 1716 1204 1812 quitatis3
1250 1730 1479 1787 erecta
1512 1730 1676 1787 sunt
1717 1713 2018 1786 ibidem¹
2042 1729 2273 1785 castra
2301 1715 2584 1813 pietatis
2617 1728 2688 1786 et
2722 1726 2930 1783 sanctae

878 1831 1265 1927 religioniS,
1320 1846 1402 1902 ut
1458 1834 1534 1901 in
1578 1828 1920 1901 cubilibus
1981 1833 2057 1899 in
2095 1828 2346 1928 quibus
2383 1832 2598 1927 prius
2642 1828 2931 1900 dracones

876 1944 1317 2037 habitabant,
1362 1948 1639 2017 oriatur
1684 1947 1872 2017 viror
1911 1944 2180 2015 calami
2213 1960 2284 2018 et
2311 1944 2535 2042 junci
2541 1948 2588 2019 ³.
2631 1948 2926 2017 Tenorem

878 2085 1045 2131 sane
1071 2060 1366 2132 actionis
1386 2060 1597 2157 hujus
1627 2086 1711 2132 ex
1743 2059 1995 2134 ordine
2021 2075 2276 2132 sanctae
2303 2060 2711 2133 paternitati
2733 2073 2928 2131 vestm

820 2195 827 2205 ·
878 2175 1185 2248 scribere
1233 2176 1530 2271 dignum
1558 2176 2016 2269 duxeramuS,
2053 2176 2190 2277 nisi
2215 2177 2383 2274 quia
2410 2176 2642 2248 abbas
2669 2173 2927 2271 ejusdem

877 2291 1181 2364 ecclesiae
1208 2291 1479 2363 ibidem
1507 2316 1740 2389 nuper
1765 2290 2057 2383 electuS,
2089 2316 2320 2389 nuper
2351 2292 2768 2363 benedictus
2779 2292 2818 2379 ',
2850 2288 2929 2359 vir

875 2406 1299 2479 venerabilis
1340 2421 1412 2478 et
1448 2406 1845 2504 approbata
1874 2430 2202 2504 persona,
2238 2405 2331 2477 ad
2360 2432 2489 2479 vos
2521 2422 2840 2505 tanquam
2861 2402 2928 2473 ad

873 2521 1249 2593 dominum
1297 2536 1370 2593 et
1416 2536 1731 2619 patrem,
1787 2523 1988 2616 cujus
2041 2536 2235 2593 totus
2284 2538 2416 2611 est,
2469 2523 2744 2594 festinat
2784 2548 2798 2591 :
2837 2518 2928 2615 qui

873 2651 945 2707 et
992 2637 1288 2709 actionis
1335 2635 1858 2736 plenitudinem
1908 2652 1977 2708 et
2025 2638 2388 2735 propriam
2436 2635 2923 2720 conscientiam,

876 2764 1223 2842 quantum
1256 2749 1346 2820 ad
1376 2773 1450 2819 se
1482 2762 1777 2845 spectat,
1821 2763 2156 2845 exponet,
2205 2764 2278 2821 et
2322 2748 2708 2822 voluntatis
2739 2758 2930 2817 vestrae

878 2878 949 2933 et
987 2864 1213 2963 plenae
1252 2864 1678 2936 obedientiae
1712 2880 2168 2936 executorem
2205 2887 2280 2935 se
2324 2864 2712 2936 exhibebit.

974 2978 1397 3052 Summatim
1438 2994 1680 3051 tamen
1729 2994 1985 3050 sanctae
2017 2979 2426 3051 discretioni
2466 2995 2715 3053 vestrae
2753 2976 2928 3050 celare

875 3092 1215 3165 nolumus
1244 3094 1607 3166 molestias
1644 3109 1712 3166 et
1744 3093 2136 3193 opprobria
2164 3119 2322 3192 quae
2345 3097 2638 3194 pessimi
2667 3088 2928 3169 canonici

876 3208 1090 3279 etiam
1136 3209 1211 3279 in
1252 3211 1621 3307 praesentia
1672 3210 1950 3282 domini
2005 3210 2188 3305 regis
2239 3210 2634 3283 intulerunt
2687 3208 2928 3282 domino

887 3324 1343 3396 Noviomensi
1392 3326 1765 3424 episcopo⁴
1796 3341 1869 3397 et
1905 3324 2114 3397 nobis
2131 3350 2151 3417 ;
2197 3327 2644 3399 miserrimus
2687 3324 2791 3398 ille
2833 3320 2926 3393 de-

960 3508 1019 3566 i.
1046 3506 1131 3562 Ita
1158 3502 1255 3564 ed.
1279 3502 1488 3563 Chesn.
1515 3534 1595 3550 -
1620 3504 1716 3562 Ibi
1739 3503 1834 3562 ed.
1866 3503 2158 3562 Benedict.
2188 3532 2268 3548 -
2290 3506 2351 3561 2.
2377 3488 2576 3575 haias,
2605 3522 2775 3577 xxxv,
2801 3501 2849 3555 7.

959 3600 1018 3659 3.
1054 3596 1181 3656 Odo
1206 3598 1279 3656 de
1296 3596 1550 3676 Diogilo‚
1585 3595 1800 3655 electus
1827 3600 1901 3655 16
1929 3596 2266 3675 septembris
2293 3594 2552 3675 ejusdem
2581 3596 2730 3668 anni,
2757 3603 2813 3651 ut
2829 3606 2932 3647 con·

877 3700 989 3747 stat
1015 3708 1088 3748 ex
1110 3690 1316 3749 litteris
1342 3688 1629 3761 Balduini,
1661 3688 2118 3747 Noviodunensis
2139 3688 2416 3767 episcopi,
2442 3689 2518 3747 ad
2537 3684 2830 3765 Eugenium
2845 3698 2927 3759 pa·

878 3802 1013 3860 pam
1046 3782 1273 3861 (Rerum
1307 3787 1500 3861 gallic.
1536 3790 1756 3857 script„
1798 3786 1926 3862 XV,
1957 3780 2119 3860 ¹259).
2151 3781 2240 3841 Cf.
2277 3783 2446 3840 etiam
2469 3780 2687 3841 litteras
2721 3774 2928 3857 ejusdem

876 3872 1141 3932 Baiduini
1185 3874 1261 3934 ad
1308 3874 1628 3952 sugerium,
1671 3872 1896 3932 abbatis
1943 3871 2404 3932 benedictionem
2446 3872 2853 3940 annuntiantes,
2883 3863 2926 3921 in

878 3986 1127 4045 quarum
1164 3970 1279 4028 fine
1320 3968 1571 4027 notanda
1606 3968 1726 4027 haec
1757 3967 1933 4026 verba
1967 3988 1980 4025 ε
2015 3993 2043 4021 κ
2086 3965 2380 4045 Quidquid
2421 3966 2572 4045 regis
2603 3976 2760 4044 urget
2785 3954 2928 4041 jussio

878 4060 972 4120 vel
997 4061 1363 4120 comminatio
1396 4062 1570 4140 longe
1613 4060 1801 4120 minus
1839 4072 1926 4120 est
1959 4062 2134 4139 quam
2177 4062 2336 4139 quod
2377 4060 2689 4139 apostolica
2717 4052 2928 4119 saneintt

879 4156 1182 4212 confirmat
1206 4151 1515 4215 auctoritas
1554 4153 1753 4233 (ibid.‚
1787 4158 1943 4228 526).
1979 4180 2006 4205 n

957 4248 1017 4310 4.
1042 4245 1346 4307 Balduino.
