3275 5317
1192 1096 1671 1176 CAPITULA
1696 1088 1749 1178 ¹.

507 1478 563 1547 l.
617 1477 852 1561 Quam
890 1484 1220 1543 strenuus
1259 1473 1332 1543 in
1381 1472 1859 1545 adolescentia
1890 1472 2126 1563 fuerit,
2164 1488 2237 1545 et
2262 1488 2528 1571 quanta

411 1590 822 1663 strenuitate
869 1587 1327 1660 fortissimum
1377 1612 1616 1685 regem
1672 1588 2053 1685 Anglornm
2090 1587 2525 1661 willelmum

413 1704 700 1795 Rufum,
739 1718 1116 1803 paternum
1151 1728 1450 1801 regnum
1475 1701 1919 1793 turbantem,
1946 1703 2306 1801 repulerit.

506 1824 598 1893 11.
654 1820 870 1908 Quod
912 1819 1352 1891 Burcardum
1395 1820 2250 1909 Moumorenciacensem,
2294 1820 2525 1891 virum

409 1934 756 2028 nobilem,
789 1932 882 2007 ab
925 1934 1372 2007 infestatione
1403 1934 1587 2007 beati
1637 1933 1959 2032 Dionysii
1986 1959 2157 2007 cum
2192 1934 2529 2007 omnibus

412 2050 878 2148 complicibus
909 2052 1015 2122 sui
1040 2052 1500 2150 compescuit.

510 2169 628 2236 111.
683 2165 895 2253 Quod
968 2168 1306 2238 comitem
1385 2165 2004 2238 Bellimontensem
2086 2164 2535 2237 Matthaeum¹

409 2280 773 2354 restituere
813 2296 1122 2353 castrum
1163 2282 1576 2354 Lusarchias
1620 2281 2193 2353 Claromontensi
2244 2282 2531 2373 Hugoni

410 2397 670 2493 coegit,
707 2422 871 2470 cum
923 2398 1076 2496 ipse
1127 2396 1469 2467 dominus
1521 2394 1931 2468 Ludovicus
1975 2394 2167 2466 idem
2222 2410 2529 2467 castrum

409 2535 628 2584 manu
664 2511 831 2584 forti
864 2523 1370 2609 oppugnasset.

507 2630 629 2697 IV.
683 2624 900 2714 Quod
923 2650 1087 2697 cum
1108 2622 1305 2697 aliud
1328 2638 1634 2697 castrum
1668 2624 1987 2721 ejusdem
2026 2622 2327 2697 Matthaei
2350 2628 2537 2697 Can-

406 2741 674 2813 liacum
711 2737 1132 2830 obsedisset,
1167 2737 1400 2813 subita
1434 2740 1616 2812 aeris
1648 2740 2103 2837 intemperies
2136 2740 2527 2812 exercitum

408 2857 484 2927 in
521 2856 758 2951 fugam
798 2856 1064 2951 coegit,
1115 2870 1186 2927 et
1236 2856 1369 2927 nisi
1407 2858 1557 2953 ipse
1593 2853 1995 2927 Ludovicus
2030 2854 2303 2926 fortiter
2335 2855 2529 2925 resti-

408 2972 638 3055 tisset,
690 2994 875 3067 pene
912 2971 1254 3042 exercitus
1299 2970 1729 3067 deperisset3
1777 2984 1847 3041 et
1893 2967 2091 3067 quod
2135 2969 2289 3068 ipse
2334 2970 2527 3041 Mat-

409 3086 634 3158 thaeus
667 3085 1025 3157 humiliter
1060 3086 1125 3157 ei
1162 3085 1524 3158 satisfecit.

512 3204 591 3274 V.
647 3206 754 3273 De
791 3198 1045 3291 Ebalo‚
1087 3201 1354 3273 comite
1391 3201 1861 3272 Ruciacensi⁸.

505 3318 627 3388 VI.
681 3319 789 3387 De
821 3331 1058 3389 castro
1087 3316 1622 3389 Maudunensi⁴.

511 3434 656 3503 Vll.
710 3435 820 3503 De
853 3448 1088 3505 castro
1121 3434 1245 3530 qui
1279 3432 1540 3504 dicitur
1565 3436 1767 3505 Mons
1798 3438 2082 3506 Acutus.

509 3554 689 3622 vul.
746 3556 856 3623 De
894 3552 1155 3624 Milone
1181 3606 1201 3642 ,
1247 3552 1622 3650 quomodo
1666 3554 1947 3626 intravit
1980 3566 2287 3624 castrum
2324 3552 2524 3621 Mon-

413 3667 502 3737 tis
529 3666 828 3739 Leherii.

491 3908 550 3967 1.
593 3908 729 3963 Haec
756 3904 1008 3985 capitula
1039 3906 1100 3965 in
1133 3908 1306 3966 codd.
1344 3910 1460 3969 135
1488 3920 1546 3967 et
1577 3910 1694 3970 5113
1727 3920 1901 3985 atque
1930 3906 1989 3965 in
2017 3908 2153 3966 edd.
2178 3910 2401 3966 tantum
2431 3905 2525 3964 le·-

412 4010 651 4075 guntur.
677 4002 749 4057 V.
777 4002 973 4077 supi-s,
1025 4000 1086 4057 in
1120 4000 1572 4061 Introductione.

491 4093 550 4151 2.
595 4092 898 4150 Mathe-um
923 4095 1062 4165 135,
1097 4091 1245 4152 sicut
1270 4106 1328 4154 et
1364 4094 1536 4154 infre.

493 4186 550 4242 3.
597 4188 924 4242 Βατία-επεὶ
945 4188 1084 4245 135.

489 4280 551 4335 4.
597 4278 947 4335 Madaaensi
979 4275 1180 4357 adjicit
1201 4277 1476 4339 chesnius
1503 4275 1566 4339 in
1587 4282 1779 4339 textus
1805 4277 1893 4338 sui
1920 4276 2202 4358 margine.
