3275 5317
922 527 1045 585 1⁷8
1358 522 1690 581 (auvam
1731 506 2162 581 commi-ms
2199 522 2302 579 1111ι
2341 520 2606 579 succa.

921 655 1197 727 nullam
1230 655 1682 751 conspioetus
1725 678 1884 726 sum
1925 654 2318 747 minorem,
2353 651 2724 740 semiruta,
2759 650 2833 721 in
2864 650 3004 723 loco

921 772 1047 867 qui
1078 770 1345 841 dicitur
1374 770 1686 866 Campis,
1727 770 1804 841 in
1833 794 1974 867 qua
2023 782 2098 841 et
2127 770 2506 865 antiquum
2547 766 2800 857 altare,
2835 763 3008 864 quod

918 909 1133 983 supra
1164 908 1249 957 ex
1284 883 1667 957 solitudine
1697 900 2114 957 concretam
2155 883 2462 957 herbam
2507 908 2678 956 oves
2707 896 2784 955 et
2809 906 3008 980 caprae

916 998 1329 1095 frequenter
1398 997 1902 1095 depascebant.
1969 998 2104 1069 Ubi
2169 1000 2580 1071 testimonio
2629 996 3004 1069 multorum

914 1138 1097 1211 saepe
1124 1113 1203 1183 in
1234 1111 1351 1184 die
1378 1112 1684 1205 sabbati,
1709 1113 2160 1185 sanctitatem
2177 1112 2318 1185 loci
2332 1112 2840 1209 signifioenteS‚
2866 1135 3008 1182 oen·

914 1227 1097 1301 delae
1130 1226 1565 1301 videbantur
1592 1227 1870 1302 ardere.
1903 1232 2069 1317 Quo
2105 1229 2296 1301 facto
2343 1228 2630 1301 excitati
2673 1226 3002 1323 indigenae

909 1347 1208 1438 infirmi,
1254 1361 1331 1419 ct
1384 1361 1551 1447 post
1600 1348 1820 1419 etiam
1873 1347 2280 1442 alienigenae
2341 1345 2552 1419 multi
2599 1344 2770 1417 illuc
2799 1343 2876 1415 in
2899 1366 3008 1442 spe

910 1463 1225 1535 sanitatis
1278 1462 1832 1551 concurrebant,
1880 1477 1956 1536 et
2005 1462 2466 1535 sanabantur.
2533 1465 2720 1534 Cum
2779 1475 3004 1532 autem

909 1578 1157 1651 divino
1186 1594 1373 1651 nutu
1402 1578 1603 1652 locus
1632 1579 1754 1651 ille
1803 1606 1848 1651 a
1889 1580 2136 1652 multis
2161 1594 2314 1652 tam
2345 1579 2776 1678 propinquis
2807 1602 3002 1675 quam

908 1694 1205 1768 remotis
1262 1695 1862 1792 frequentaretur,
1923 1694 2258 1768 destinati
2312 1710 2480 1768 sunt
2533 1694 2705 1767 illuc
2775 1694 3008 1767 fratres

901 1812 1137 1885 nostri
1170 1810 1615 1885 venerabiles
1644 1812 1780 1884 viri
1809 1810 2020 1883 bonae
2067 1811 2428 1884 memoriae
2479 1815 2798 1883 Herveus
2831 1812 3008 1910 prior

904 1942 979 1999 et
1028 1924 1195 1999 Odo
1248 1928 1726 2019 TorcetensiS,
1783 1928 1912 2024 qui
1965 1942 2040 2000 et
2097 1927 2414 1999 Domino
2455 1942 2708 1998 nostro
2759 1942 2835 1999 et
2879 1926 3006 2023 ejus

904 2038 1127 2113 beata:
1156 2042 1499 2115 Genitrici
1527 2043 2000 2135 deservirent,
2035 2042 2515 2141 locellumque
2543 2041 2750 2114 illum
2785 2041 3000 2114 divino

902 2156 1125 2229 cultui
1154 2156 1493 2256 adaptare
1520 2174 1593 2231 et
1624 2158 1930 2230 exaltare
1950 2182 2250 2257 operam
2283 2158 2563 2231 darent.
2603 2156 2750 2229 Ubi
2787 2158 2996 2231 statim

904 2286 1101 2345 tanta
1142 2275 1660 2347 miraculorum
1697 2276 1904 2375 copia
1953 2274 2092 2347 sub
2146 2277 2648 2349 ammiratione
2694 2276 2998 2347 omnium

900 2384 977 2457 in
1008 2386 1213 2461 brevi
1243 2388 1589 2483 effloruit,
1618 2404 1705 2462 111
1727 2405 1804 2462 31
1828 2391 1920 2463 ab
1947 2390 2286 2463 omnibus
2311 2406 2698 2483 amaretur,
2733 2389 2831 2462 ab
2855 2415 2993 2463 om·

900 2500 1112 2577 nibus
1159 2505 1696 2603 praedicaretur,
1741 2520 1814 2578 et
1855 2530 1900 2577 3
1937 2506 2550 2605 quibuscumque¹
2603 2521 2996 2603 augmenta-

899 2634 1123 2691 retur.
1163 2620 1550 2695 Multitudo
1582 2622 1941 2719 siquidem
1971 2622 2491 2719 languentium,
2547 2638 2620 2696 et
2650 2624 2780 2720 qui
2813 2646 2994 2695 vexa-

896 2732 1167 2807 bantur
1216 2760 1257 2807 a
1310 2736 1682 2835 spiritibus
1739 2739 2162 2831 immundis,
2220 2764 2356 2813 nec
2416 2764 2565 2812 non
2631 2764 2992 2826 ancorum,

900 2850 1323 2923 claudorum
1372 2868 1449 2926 et
1488 2852 1860 2926 aridorum
1892 2854 2442 2928 incommoditas
2485 2854 2760 2928 ibidem
2799 2855 2996 2953 depo-

903 2964 1235 3040 nebatur.
1276 2970 1607 3056 Quorum
1643 2969 2186 3061 miraculorum,
2230 2996 2400 3043 cum
2437 2972 2818 3043 innumera
2839 2994 2995 3069 ope-

898 3096 1104 3153 rante
1121 3081 1333 3156 beata
1353 3085 1487 3156 Dei
1498 3086 1862 3159 Genitrice
1881 3086 2126 3159 locum
2144 3084 2501 3159 celebrem
2523 3100 2990 3185 personarent,

898 3194 1050 3267 duo
1096 3197 1774 3296 inpraesentia·qu
1823 3225 1983 3300 quae
2033 3204 2186 3276 visu
2218 3217 2346 3277 aut
2385 3203 2640 3276 auditu
2683 3200 2994 3299 cognovi·

894 3332 1089 3403 muz,
1142 3311 1415 3411 paginae
1446 3318 1777 3415 praesenti
1820 3316 1913 3391 ad
1940 3318 2299 3393 honorem
2337 3318 2662 3417 ejusdem
2711 3318 2846 3393 loci
2881 3338 2990 3389 ac·

896 3428 1371 3503 commodare
1396 3434 1834 3506 curavimus.

1415 3668 1601 3737 XIX.
1653 3666 2086 3740 Mil-aculam
2116 3664 2202 3739 de
2251 3686 2474 3742 muta.

996 3866 1165 3935 Erat
1211 3865 1541 3961 quaedam
1590 3864 1854 3939 nobilis
1914 3883 2269 3963 matrona,
2345 3872 2591 3944 multis
2643 3872 2838 3944 annis
2889 3870 2974 3941 vi·

898 3976 1140 4069 duata,
1162 3977 1489 4053 videlicet
1518 3997 1750 4054 mater
1766 3983 2186 4058 venerabilis
2217 3986 2350 4058 viri
2380 3985 2660 4060 abbatis
2689 3985 2970 4061 Corbeiae

928 4314 937 4320 ,
978 4248 1033 4303 1.
1075 4250 1127 4301 Α
1152 4246 1349 4321 quibus
1368 4246 1501 4309 cod.
1528 4267 1637 4308 ms,
1667 4280 1744 4294 —
1769 4252 1829 4311 2.
1863 4257 2375 4329 Impraesentt'arum
2396 4254 2610 4317 Chesn.
2634 4255 2774 4319 edit.

3157 4042 3159 4085 ἱ
