3275 5317
777 612 850 668 58
1209 602 1538 660 OEnvasss
1579 582 2009 659 comru'rms
2048 598 2149 654 m:
2193 594 2460 654 suem.

772 736 1088 811 haerebat
1139 734 1286 827 regi
1333 730 1620 827 Angliae,
1666 728 2131 814 transeundo,
2182 726 2631 825 depopulans
2676 738 2749 799 et
2788 728 2899 799 in·-

774 854 1045 927 cendiis
1075 872 1462 947 exponens,
1505 844 1762 919 talibus
1789 843 2158 916 beneficiis
2194 843 2435 915 futuro
2466 842 2899 917 adulabatur

775 964 1166 1062 colloquio.
1189 966 1277 1035 At
1297 961 1843 1058 ubi,utrobique
1872 960 2187 1033 maximo
2216 958 2517 1031 collecto
2546 960 2890 1051 exercitu,

776 1096 1070 1155 ventum
1111 1094 1214 1151 est
1245 1078 1338 1149 ad
1386 1078 1626 1149 locum
1653 1077 1868 1172 vulgo
1905 1076 2361 1147 nominatum
2402 1075 2694 1146 Plancas
2722 1079 2778 1144 N
2786 1076 2897 1146 in-

777 1195 1010 1285 feoli¹,
1053 1194 1142 1267 ad
1194 1192 1564 1266 castellum
1609 1192 1772 1264 loco
1820 1190 2366 1281 infortunatum,
2402 1189 2518 1260 cui
2563 1186 2898 1286 perhibet

779 1312 1178 1385 accolarum
1200 1310 1581 1408 antiquitas
1602 1323 1725 1380 aut
1750 1308 1869 1379 vix
1896 1323 2021 1379 aut
2064 1330 2434 1403 nunquam
2460 1306 2893 1378 convenien-

778 1436 886 1494 tes
919 1420 1269 1520 pacificari
1289 1420 1313 1455 ²
1330 1476 1350 1513 ,
1389 1443 1604 1517 super
1638 1421 1873 1517 ripam
1903 1417 2438 1491 intercurrentis
2464 1432 2536 1489 et
2570 1440 2901 1489 commu·

778 1560 948 1608 nem
977 1535 1348 1609 transitum
1387 1533 1835 1631 prohibentis
1872 1534 2105 1605 amnis
2146 1530 2476 1604 consedit
2514 1532 2889 1604 exercitus.

781 1652 1114 1725 Consulte
1135 1674 1308 1721 vero
1347 1650 1737 1722 nobiliores
1782 1663 1854 1720 et
1894 1648 2359 1746 sapientiores
2400 1646 2611 1719 electi
2643 1646 2897 1719 Franci

780 1792 911 1867 per
941 1781 1238 1866 pontem
1270 1766 1687 1849 tremulum,
1724 1780 1791 1837 et
1822 1763 2115 1859 singulis
2140 1779 2213 1835 et
2229 1762 2553 1862 pluribus
2578 1763 2898 1835 subitum

781 1883 1174 1954 minantem
1197 1880 1666 1979 praecipitium
1694 1882 1847 1979 ipsa
1878 1878 1986 1951 sui
2018 1894 2392 1970 vetustate,
2422 1892 2891 1971 transeuntes,

781 1998 1070 2093 Anglico
1102 1997 1246 2092 regi
1281 1996 1710 2092 diriguntur.
1744 2000 2075 2083 Quorum
2102 1995 2227 2092 qui
2258 1993 2711 2067 referendam
2750 2019 2899 2066 sus·

783 2130 1068 2213 ceperat
1118 2114 1414 2187 actionis
1456 2138 1769 2205 causam,
1806 2112 2078 2211 peritus
2132 2126 2399 2199 orator,
2474 2110 2859 2183 insalutato
2875 2113 2897 2149 ⁸

779 2255 970 2326 rege,
1011 2254 1140 2302 ore
1171 2232 1520 2303 comitum
1559 2229 1661 2301 sic
1720 2227 2084 2327 peroravit
2121 2254 2139 2297 z
2184 2258 2221 2295 <c
2256 2229 2438 2299 Cum
2456 2280 2476 2317 ‚
2524 2232 2899 2323 generosa*

791 2376 826 2413 (ι
855 2345 1131 2418 domini
1165 2345 1348 2442 regis
1373 2348 1814 2416 Francorum
1864 2341 2309 2432 liberalitate,
2345 2342 2686 2414 ducatum
2716 2345 2899 2413 Nor-

793 2492 828 2529 «
861 2462 1166 2534 manniae
1227 2477 1576 2558 tanquam,
1633 2460 2008 2558 proprium
2066 2458 2363 2532 feodum
2427 2458 2518 2530 ab
2580 2458 2900 2555 ejusdem

793 2609 828 2645 c<
861 2578 1202 2650 munifica
1233 2576 1479 2649 dextra
1508 2592 1743 2649 vestra
1770 2577 2149 2675 recepisset
2166 2576 2543 2669 industria,
2561 2578 2748 2648 inter
2763 2577 2903 2649 alia

793 2722 828 2759 α
861 2708 933 2765 et
960 2708 1214 2790 praeter
1242 2693 1382 2765 alia
1423 2692 1565 2763 hoc
1603 2693 2001 2790 specialiter
2025 2692 2491 2789 jurejurando
2528 2690 2899 2763 firmatum

789 2836 826 2873 α
857 2823 1134 2880 constat
1187 2808 1278 2880 de
1321 2808 1633 2879 Gisortio
1688 2823 1761 2879 et
1808 2808 2067 2900 Braio‘,
2112 2822 2195 2879 ut
2238 2831 2695 2904 quocumque
2736 2832 2907 2879 con-

790 2952 827 2990 «
865 2937 1095 2994 tractu
1123 2936 1285 2995 uter
1309 2937 1628 2994 vestrum
1646 2922 1971 2994 obtinere
1996 2936 2263 3019 posset,
2284 2936 2539 2995 neuter
2564 2921 2893 3013 haberet,

791 3066 828 3106 α
863 3060 1032 3109 cum
1085 3036 1264 3109 infra
1306 3036 1773 3134 quadraginta
1826 3039 2253 3136 receptionis
2297 3037 2451 3111 dies
2495 3062 2894 3137 possessor,

794 3182 831 3220 α
865 3152 1048 3250 pacti
1086 3151 1466 3245 obnoxiuS,
1519 3153 1672 3251 ipsa
1720 3154 2001 3225 castella
2055 3151 2375 3225 funditus
2425 3152 2896 3225 subverteret.

864 3374 928 3433 1.
953 3372 1283 3449 Nimpheoli
1295 3375 1436 3446 133,
1461 3374 1682 3432 12710.
1711 3372 1899 3434 Hodie
1932 3376 2209 3450 Ndaufles
2226 3372 2451 3455 (Eure),
2480 3373 2665 3455 prop&
2695 3374 2906 3436 Gisor-

785 3463 953 3525 tium.

867 3560 929 3618 2.
958 3558 1053 3617 Sic
1076 3562 1193 3618 135
1215 3570 1274 3618 et
1301 3557 1437 3623 edd.
1466 3592 1548 3605 —-
1576 3562 1829 3618 Pascis-ct·
1850 3558 2061 3638 reliqui
2086 3559 2257 3620 codd.

865 3659 924 3717 3.
974 3660 1291 3714 Insalueato
1318 3654 1493 3717 codd.
1529 3676 1729 3717 omnes
1757 3668 1815 3716 et
1857 3656 1995 3718 edd.
2036 3658 2209 3717 Forte
2247 3662 2515 3733 salutato,
2550 3656 2911 3737 subjungunt

783 3746 1143 3807 Benedictini
1176 3770 1189 3806 :
1228 3774 1257 3801 ι
1286 3749 1397 3808 Vix
1425 3748 1601 3832 enim,
1640 3750 1930 3828 inquiunt,
1961 3749 2236 3810 credibile
2273 3764 2361 3809 est
2394 3750 2541 3809 adeo
2578 3749 2907 3828 incomptos

791 3866 820 3895 ο
865 3838 1040 3900 fuisse
1067 3860 1255 3901 mores
1291 3842 1524 3902 illorum
1559 3858 1911 3923 temporum,
1937 3858 2002 3903 ut
2026 3864 2225 3923 regem
2254 3857 2473 3918 orator,
2504 3844 2663 3904 nulla
2692 3842 2911 3925 praevia
2972 3842 2979 3849 ’

793 3960 824 3991 ι
868 3935 1232 4009 salutatione,
1255 3956 1427 3998 ausus
1445 3939 1619 3999 fuerit
1639 3939 1879 4018 alloqui.
1914 3963 1939 3995 ι
1978 3944 2057 3999 At
2080 3940 2131 3998 si
2166 3938 2337 4013 hujus
2374 3938 2648 4019 colloquii
2674 3958 2909 3998 causam

784 4030 1183 4111 perpenderiS‚
1212 4044 1269 4090 et
1309 4033 1464 4111 ipsas
1505 4032 1757 4092 oratoris
1790 4052 1963 4092 voces
2004 4030 2303 4091 audaciam
2334 4046 2394 4091 et
2425 4031 2687 4092 convicia
2720 4030 2913 4091 exha-

785 4123 992 4196 lantes,
1011 4137 1147 4183 tunc
1169 4124 1412 4184 verbum
1443 4130 1747 4184 insalutato
1779 4126 1941 4185 factis
1958 4146 2077 4185 non
2103 4126 2419 4207 discrepari
2430 4124 2735 4206 judicabis·

871 4220 932 4279 4.
953 4216 1045 4277 Sic
1066 4216 1214 4277 codd
1238 4238 1458 4279 omnes.
1487 4252 1568 4264 --
1605 4222 1860 4277 Gloriosa
1886 4218 2023 4279 edd.

871 4314 932 4370 5.
959 4308 1148 4394 Vulgo
1180 4316 1332 4385 Brcfr
1363 4309 1847 4393 (Seiae-et·0ise)‚
1871 4312 2055 4393 prope
2081 4308 2467 4391 Magniacum.
