3275 5317
926 596 1045 653 vll-3
1086 598 1189 653 DE
1230 594 1449 654 Loms
1490 596 1585 653 LE
1624 594 1842 654 GROS.
2321 600 2435 657 149

325 753 593 801 norum
625 726 1043 825 frequentia,
1080 740 1152 796 et
1180 724 1646 798 celeberrimo
1678 724 2085 822 devotoque
2107 730 2436 824 exequia-

325 870 495 918 rum
525 842 787 930 officio,
823 866 1025 915 more
1072 842 1267 937 regio
1314 841 1708 941 depositus»,
1753 843 2290 915 resurrectionis
2323 846 2434 919 fu-

326 976 505 1033 turae
526 958 965 1031 consortium
992 971 1337 1057 expectat,
1380 972 1581 1030 tanto
1618 972 2024 1029 sanctorum
2056 960 2437 1056 spirituum

331 1074 633 1169 collegio
675 1072 927 1171 spiritu
977 1072 1473 1170 propinquior,
1522 1087 1794 1170 quanto
1826 1097 2130 1171 corpore
2180 1077 2438 1146 sanctis

326 1186 749 1285 Martyribus
811 1184 905 1259 ad
962 1185 1491 1284 suffragandum
1568 1188 1888 1286 proxime
1956 1188 2272 1286 sepultus
2337 1213 2442 1260 as·

331 1304 537 1378 sistit.

646 1455 809 1518 Felix
833 1456 937 1536 qui
972 1454 1181 1537 potuit,
1210 1455 1409 1516 mundi
1436 1468 1678 1517 nutante
1697 1455 1888 1531 ruina,

646 1556 775 1629 Quo
796 1552 982 1626 jaceat
1004 1549 1299 1632 praescisse
1324 1550 1455 1611 loco
1474 1550 1524 1613 ¹.

438 1728 657 1826 Cujus
694 1728 1227 1802 devotissimam
1295 1729 1555 1801 sanctis
1608 1728 2040 1825 Martyribus
2087 1730 2438 1825 animam,

328 1842 501 1941 ipsis
532 1842 1152 1934 intercedentibuS,
1198 1844 1350 1942 ipse
1378 1842 1812 1942 Redemptor
1839 1844 2232 1935 resuscitet,
2262 1860 2334 1917 et
2367 1844 2442 1917 in

328 1974 535 2059 parte
584 1975 989 2032 sanctorum
1041 1958 1399 2033 collocare
1440 1958 1797 2055 dignetur,
1845 1960 1973 2057 qui
2009 1961 2250 2057 posuit
2288 1961 2442 2033 ani-

332 2097 535 2145 mam
563 2098 759 2146 suam
794 2100 929 2174 pro
960 2076 1181 2147 salute
1219 2074 1474 2146 mundi
1510 2074 1710 2147 Jestis
1737 2074 2054 2147 Christus
2092 2074 2443 2147 Dominus

336 2204 609 2279 noster,
656 2192 782 2288 qui
831 2191 1011 2264 vivit
1052 2206 1123 2263 et
1168 2206 1415 2287 regnat
1468 2193 1613 2262 Rex
1663 2214 1916 2286 regum
1961 2204 2035 2261 et
2089 2190 2445 2263 Dominus

338 2304 895 2398 dominantium,
935 2328 1065 2405 per
1089 2305 1330 2377 omnia
1368 2304 1621 2377 saecula
1667 2304 2116 2378 saeculorum.
2146 2306 2369 2375 Amen
2391 2307 2436 2375 ¹.

417 2529 445 2583 1
461 2570 477 2586 .
506 2526 583 2586 Hi
602 2546 829 2607 versus,
852 2530 887 2585 ὲ
912 2528 1149 2588 Lucano
1166 2525 1434 2607 mutuati,
1465 2524 1549 2585 sic
1569 2524 1839 2605 leguntur
1857 2524 1921 2585 in
1945 2526 2182 2603 Phara,
2205 2521 2310 2584 lib.
2331 2524 2440 2599 IV,

336 2636 400 2684 v.
432 2622 546 2680 393
581 2642 597 2680 z

654 2725 817 2785 Felix
840 2722 939 2803 qui
959 2724 1167 2805 potuit,
1192 2724 1397 2785 mundi
1420 2734 1658 2785 nutante
1685 2721 1875 2797 ruina,

662 2822 795 2895 Quo
816 2816 1007 2899 jaceat
1020 2826 1151 2894 jam
1180 2824 1329 2877 scire
1356 2818 1508 2881 loco.

433 2962 496 3020 2.
551 2964 891 3038 Expliciunt
934 2974 1095 3041 gesta
1152 2964 1417 3021 Ludon‘ci
1466 2966 1617 3041 regis
1663 2964 2004 3021 Francorum
2019 2998 2042 3035 ,
2081 2968 2446 3040 comeatu

342 3056 541 3116 Grossl
569 3052 727 3114 solus
748 3055 1035 3115 recentior
1053 3054 1185 3116 cod.
1220 3058 1398 3118 6265.
