3275 5317
1002 552 1126 609 vm
1167 553 1268 609 DE
1306 552 1527 615 Loms
1566 555 1661 611 LE
1702 552 1925 617 GROS.
2403 563 2519 621 ¹35

396 679 755 778 judicium
801 694 1061 779 praeter
1117 706 1329 755 suum
1373 706 1523 754 non
1572 682 1986 757 attendunt.
2043 686 2228 758 Cum
2277 702 2522 760 autem

406 798 601 869 Petri
635 796 889 869 Leonis
923 820 1089 895 pars
1110 851 1133 890 ‚
1173 811 1332 869 tum
1372 812 1745 895 pareutum
1793 798 2134 897 suffragio
2158 856 2178 895 ,
2217 817 2378 874 tum
2407 828 2520 875 ro-

402 916 665 985 mana-2²
704 912 1096 986 nobilitatis
1127 913 1456 1013 praesidio
1480 912 1895 1013 praevaleret
1913 972 1932 1006 ,
1971 916 2310 995 domiuus
2335 942 2521 1017 papa

400 1028 863 1101 Innocentius
897 1053 1067 1100 cum
1108 1028 1254 1101 suis
1292 1028 1545 1101 urbem
1574 1029 1977 1127 relinquere
2024 1031 2396 1125 deliberat,
2439 1048 2520 1107 ut

398 1142 657 1217 orbem
668 1158 1024 1216 terrarum
1044 1144 1371 1217 obtinere
1383 1144 1784 1244 praevaleat.
1813 1148 2520 1244 Descendensitaque

402 1259 640 1333 navali
656 1258 1009 1331 subsidio⁸
1042 1259 1138 1333 ad
1172 1274 1409 1358 partes
1433 1260 1856 1353 Galliarum,
1887 1276 2127 1335 tutum
2158 1277 2230 1335 et
2259 1287 2519 1361 appro-

398 1374 657 1447 batum
677 1374 874 1471 eligit
887 1398 1211 1474 personae
1234 1390 1305 1448 et
1314 1376 1636 1448 Ecclesiae
1658 1392 1820 1473 post
1835 1382 2070 1451 Deum
2087 1378 2517 1453 defensionis

400 1488 683 1584 asylum
740 1512 1044 1584 regnum
1091 1487 1620 1562 nobilissimum
1657 1496 2100 1565 Francorum
2113 1547 2134 1585 ,
2201 1495 2514 1568 nunciis-

400 1630 545 1702 que
564 1604 709 1676 suis
738 1603 834 1676 ad
856 1628 1101 1700 regem
1124 1605 1568 1678 Ludovicum
1590 1605 1991 1700 destinatis,
2011 1624 2086 1681 et
2112 1634 2430 1707 personae
2446 1627 2518 1684 et

400 1715 727 1787 Ecclesiae
758 1715 1095 1813 opitulari
1127 1716 1487 1812 efflagitat.
1513 1719 1677 1804 Quo
1693 1742 1846 1807 rex,
1879 1732 1962 1789 ut
1990 1732 2136 1790 erat
2157 1719 2518 1817 piissimus

402 1830 733 1905 Ecclesiae
775 1830 1131 1924 defensor,
1168 1831 1313 1905 cito
1343 1848 1826 1931 conpunctuS,
1857 1834 2239 1907 concilium
2276 1838 2514 1910 archi-

401 1952 936 2049 episcoporum,
969 1953 1501 2051 episcoporum,
1530 1953 1880 2026 abbatum
1914 1968 1986 2026 et
2019 1954 2516 2051 religiosorum

401 2066 724 2137 virorum
768 2068 1073 2166 Stampis
1115 2083 1496 2159 convocat,
1546 2082 1619 2141 et
1670 2092 1927 2140 eorum
1959 2068 2261 2141 consilio
2293 2068 2517 2164 magis

401 2178 495 2252 de
538 2204 841 2277 persona
879 2206 1099 2279 quam
1140 2182 1233 2254 de
1282 2182 1627 2255 electione
1671 2182 2100 2277 investigans
2152 2181 2275 2279 (fit
2319 2184 2514 2255 enim

398 2319 579 2393 saepe
620 2310 701 2368 ut
744 2302 1253 2369 Romanorum
1295 2297 1893 2369 tumultuantium
1939 2296 2516 2394 quibuscumque

396 2410 739 2485 molestiis
759 2414 1081 2486 Ecclesiae
1111 2413 1363 2485 electio
1392 2413 1631 2485 minus
1653 2411 2012 2483 ordinarie
2045 2410 2201 2483 fieri
2228 2411 2512 2510 valeat),

398 2528 499 2598 ei‘
554 2550 922 2598 assensum
972 2526 1304 2599 electioni
1350 2526 1651 2598 consilio
1707 2526 2059 2597 virorum‘
2096 2524 2393 2622 praebet,
2443 2540 2517 2599 et

402 2640 741 2737 deinceps
780 2664 1000 2712 manu
1047 2657 1294 2713 tenere
1332 2641 1716 2739 promittit.
1768 2643 1950 2711 Cum
1998 2654 2240 2711 autem
2269 2655 2342 2711 et
2373 2666 2519 2713 sus-

404 2754 755 2853 ceptionis
782 2768 857 2825 et
881 2754 1146 2826 servitii
1176 2754 1521 2853 primitias
1552 2753 1874 2826 Cluniaci
1901 2777 2030 2851 per
2060 2778 2196 2827 nos
2223 2755 2288 2825 ei
2325 2753 2516 2826 dele-

400 2885 655 2966 gasset,
696 2884 895 2941 tanto
930 2870 1291 2942 exhilarati
1323 2870 1685 2965 suffragio,
1722 2893 1890 2941 cum
1917 2870 2140 2965 gratia
2175 2884 2248 2941 et
2297 2869 2518 2942 bene-

400 2985 717 3059 dictione
769 2983 1067 3057 domino
1111 2984 1255 3081 regi
1311 3009 1437 3082 per
1482 3010 1617 3057 nos
1663 2986 1918 3081 gratias
1968 2985 2378 3076 referenteS,
2420 2985 2517 3057 ad

397 3100 691 3199 propria
720 3100 1172 3173 remiserunt.
1227 3104 1323 3171 Ut
1368 3114 1611 3171 autem
1654 3124 1880 3197 usque
1930 3101 2269 3173 Sanctum
2299 3106 2518 3175 Bene-

400 3210 675 3284 dictum
715 3236 930 3310 super
973 3211 1279 3308 Ligerim
1313 3210 1706 3302 descendit,
1766 3210 2108 3283 dominus
2168 3235 2293 3283 rex
2342 3234 2510 3283 cum

480 3523 539 3579 1.
594 3518 687 3579 Sic
728 3521 907 3593 6265,
954 3530 1014 3578 et
1052 3520 1189 3583 edd.
1234 3520 1445 3582 Chesn.
1480 3538 1549 3578 ac
1580 3516 1878 3578 Benedict.
1904 3546 1987 3563 --
2045 3518 2228 3573 Romo
2257 3526 2375 3575 tres
2415 3514 2516 3577 alii

400 3612 599 3685 codd„
620 3611 873 3689 itemque
896 3611 1041 3673 edit.
1071 3613 1273 3673 Germ.

480 3709 542 3766 2.
572 3704 833 3766 Subsidio
869 3704 1101 3765 codices
1138 3724 1339 3765 omnes
1364 3718 1423 3765 et
1462 3704 1600 3766 edit.
1639 3702 1938 3763 Benedict.
1972 3733 2051 3746 -
2073 3702 2346 3761 Presidio
2383 3702 2509 3764 alie

400 3798 703 3860 editiones.

483 3894 544 3953 3.
578 3892 671 3953 Sic
694 3890 922 3953 codices
951 3912 1173 3967 omnes,
1204 3891 1381 3953 etiam
1428 3896 1569 3965 543,
1612 3914 1786 3973 quem
1811 3892 2012 3953 addito
2037 3889 2202 3969 signo
2233 3898 2358 3965 ejus
2382 3910 2512 3951 ma-

401 4006 513 4045 nus
550 3986 839 4046 recentior
867 3987 1139 4047 correxit.
1174 4020 1254 4034 —
1286 3992 1433 4063 Ejus
1455 3987 1599 4048 edit.
1638 3986 1896 4059 chesnii,
1926 4004 2102 4065 quam
2141 3984 2322 4045 secuti
2355 3984 2516 4045 fuere

402 4078 784 4140 Benedictini.
810 4114 891 4125 --
914 4083 995 4139 Ei
1014 4080 1157 4141 edit.
1186 4080 1553 4141 Germanica.

486 4175 546 4235 4,
580 4178 844 4232 Virorum
888 4174 1064 4239 codd,
1102 4194 1323 4253 omnes,
1355 4174 1597 4253 absque,
1644 4186 1712 4234 ut
1741 4184 1948 4234 notant
1978 4168 2355 4243 Benedictini‚
2397 4168 2513 4229 ulla

402 4265 720 4327 additione.
