3275 5317
1246 570 1599 629 CHARTES.
2057 520 2066 544 ι
2371 570 2487 629 333

360 701 663 777 randam
707 697 1445 799 quantulamcumque
1482 700 1742 797 quietis
1778 700 2029 772 futnrae
2069 699 2484 799 portiuncu-

361 820 509 891 lam
536 834 850 891 tremens
881 830 954 887 et
978 814 1279 887 devotus
1310 814 1648 889 reclamo.
1682 821 1772 889 Et
1796 814 2140 913 quoniam
2167 817 2293 915 qui
2320 841 2486 889 cum

359 932 680 1005 Domino
714 928 1091 1003 ambulant
1122 954 1269 1001 non
1302 946 1603 1029 possunt
1634 956 1786 1005 esse
1817 944 2138 1028 expertes
2177 931 2490 1004 caritatis

358 1046 602 1145 (ardet
650 1048 843 1120 enim
889 1071 1012 1118 cor
1046 1071 1291 1117 eorum
1326 1045 1415 1117 de
1446 1046 1617 1119 :Iesu
1637 1046 1659 1084 ¹
1713 1046 1883 1118 dum
1931 1045 2242 1145 loquitur
2283 1049 2388 1117 eis·
2413 1048 2490 1118 in

360 1164 565 1261 vice),
584 1161 825 1235 subito
837 1161 1257 1234 venerabilis
1278 1162 1401 1234 ille
1424 1177 1497 1235 et
1513 1166 1671 1234 Deo
1689 1162 2134 1261 propinquus
2141 1217 2158 1251 ‚
2175 1186 2490 1259 quorum

351 1280 506 1376 jam
552 1278 998 1351 conversatio
1026 1292 1133 1349 est
1164 1277 1239 1348 in
1272 1278 1497 1368 coelis,
1536 1278 1828 1360 chorm,
1867 1277 1959 1349 ab
1993 1275 2137 1348 alto
2182 1275 2486 1349 condes-

360 1393 673 1467 cendens
710 1393 783 1463 in
823 1393 1003 1465 valle
1027 1394 1353 1463 moeroris
1398 1394 1567 1482 mei,
1611 1406 1696 1463 ut
1729 1405 1965 1491 patres
2007 1406 2078 1463 et
2125 1392 2374 1464 fratres
2417 1406 2492 1464 et

359 1510 493 1582 filii
528 1524 754 1597 aetate,
800 1508 1114 1597 caritate,
1164 1507 1607 1599 obedientia,
1644 1507 1918 1604 largam
1948 1531 2248 1580 manum
2284 1509 2491 1581 mise-

361 1624 686 1699 ricordiae
708 1623 1085 1723 porrigunt
1117 1650 1139 1715 ;
1176 1638 1246 1694 et
1272 1648 1431 1720 quae
1455 1624 1650 1715 vivo,
1685 1646 1843 1722 quae
1870 1622 2211 1696 defuncto
2240 1624 2490 1696 suffra-

359 1742 471 1839 gia
501 1754 931 1840 praeparent,
961 1752 1030 1810 et
1055 1762 1237 1810 voce
1269 1753 1344 1810 et
1369 1738 1634 1837 scripto
1659 1739 2140 1811 determinant
2169 1766 2186 1809 z
2213 1740 2489 1812 votive⁸

360 1854 722 1954 siquidem
746 1854 962 1926 nobis
988 1851 1142 1948 lege
1172 1852 1593 1926 inconvulsa
1619 1855 1960 1947 veritatis,
1984 1880 2143 1953 quae
2165 1854 2487 1943 Christus

360 1986 493 2061 est,
536 1985 610 2042 et
629 1969 996 2067 praesentis
1028 1966 1290 2040 chartae
1320 1967 1725 2041 memoriali
1745 1969 2290 2042 confirmatione
2321 1996 2488 2043 san·

359 2086 656 2176 cientes,
692 2099 843 2156 toto
874 2099 1203 2180 tempore
1230 2085 1391 2155 vitae
1419 2108 1622 2176 meae,
1658 2087 1856 2156 omni
1900 2084 2019 2157 die
2057 2085 2348 2157 missam
2394 2085 2485 2158 de

357 2202 635 2301 Spiritu
658 2213 901 2272 sancto
924 2197 1299 2286 celebrari;
1326 2214 1406 2271 ut
1430 2200 1732 2298 Spiritus
1759 2215 2038 2273 sanctus
2056 2201 2483 2299 paraclytuS,

358 2319 487 2416 qui
520 2332 627 2389 est
658 2316 980 2388 remissio
1032 2314 1361 2387 omnium
1414 2331 1902 2413 peccatorum,
1941 2315 2154 2387 nobis
2199 2331 2488 2414 peccata

356 2434 709 2525 remittat,
749 2429 1317 2503 consolationem
1354 2430 1649 2521 tribuat,
1685 2455 1927 2504 rorem
1983 2431 2486 2505 misericordiae

358 2545 722 2621 infundat.
766 2545 983 2642 Cujus
1016 2545 1242 2617 sancti
1283 2544 1603 2617 sacrificii
1640 2546 2087 2618 continuatio
2117 2548 2316 2619 omni
2364 2546 2482 2620 die

358 2663 439 2736 in
486 2662 831 2762 capitulo,
882 2686 1053 2732 cum
1085 2684 1124 2731 a
1155 2660 1518 2758 prioribus
1564 2662 2018 2734 sacerdotum
2076 2663 2357 2761 incepta
2415 2680 2488 2738 et

359 2780 728 2879 reincepta
777 2802 908 2877 per
949 2777 1271 2872 juniores
1315 2776 1638 2875 ejusdem
1689 2777 1964 2849 ordinis
2007 2781 2440 2876 percurrerit
2463 2784 2486 2821 ⁸

359 2895 877 2983 indeficienter,
908 2890 1003 2963 ad
1028 2894 1305 2990 priores
1322 2892 1629 2985 redibit3
1667 2907 1741 2965 et
1757 2891 1898 2965 hoc
1928 2893 2221 2990 quidem
2242 2920 2486 2993 quam·

357 3013 515 3106 diu,
549 3012 685 3085 Dei
714 3009 1232 3101 misericordia,
1268 3010 1753 3111 supervixero.

460 3132 643 3201 Cum
657 3142 897 3200 autem
913 3126 1402 3197 miserrimum
1416 3124 1629 3221 hujus
1643 3126 2480 3218 vitaehominemexuem,

358 3270 493 3345 per
516 3245 761 3317 omnia
794 3240 1147 3316 curricula
1179 3243 1503 3313 omnium
1540 3266 1900 3316 annorum
1934 3258 2007 3317 et
2041 3260 2482 3344 temporum,

358 3384 499 3459 pro
530 3357 851 3432 remedio
889 3359 1137 3430 animae
1176 3380 1353 3430 meae
1393 3372 1466 3430 et
1509 3358 1812 3431 fratrum
1844 3375 1919 3432 et
1944 3359 2488 3433 benefactorum

359 3473 698 3568 ecclesiae,
714 3498 803 3546 eo
819 3498 965 3571 quo
982 3472 1291 3545 diximus
1304 3472 1587 3564 ordine,
1606 3474 1893 3545 missam
1911 3474 2134 3546 sancti
2154 3473 2480 3569 SpirituS,

363 3592 701 3688 Requiem
729 3602 1097 3681 aeternam,
1135 3602 1207 3659 et
1253 3590 1811 3685 pronunciantes
1862 3602 1934 3660 et
1992 3586 2478 3679 decantantes,

361 3702 685 3776 divinam
701 3702 911 3776 nobis
928 3702 1052 3774 tali
1077 3703 1595 3802 perseverantia
1618 3702 1939 3775 salutaris
1959 3701 2212 3774 hostiae
2234 3726 2486 3800 recon:

360 3818 709 3892 ciliabunt
731 3818 1337 3918 propitiationem.
1357 3817 1934 3889 Anniversarium
1957 3816 2309 3915 siquidem
2333 3842 2486 3891 exe·

362 3936 698 4036 quiarum
729 3960 1057 4011 mearum
1093 3934 1314 4027 diem,
1359 3934 1553 4007 diem
1588 3934 1911 4028 terroris,
1953 3934 2371 4009 calamitatis
2415 3946 2486 4007 et

446 4202 505 4264 l.
550 4207 647 4263 De
671 4203 810 4259 Iesu
835 4200 1047 4259 desunt
1069 4198 1132 4257 in
1157 4196 1298 4260 edit.
1331 4196 1714 4258 chesn.—2.
1736 4202 1904 4257 Lucae
1921 4198 2170 4277 Evang„
2196 4218 2360 4276 xx1v,
2382 4203 2457 4261 32
2473 4244 2488 4262 .

444 4296 503 4359 3.
540 4296 739 4353 Votim
762 4292 973 4354 Chesn.
1000 4291 1096 4351 ed.
1129 4324 1211 4337 —
1251 4294 1311 4351 4.
1342 4296 1677 4352 Ferrea-erit
1701 4290 1839 4354 edd.
1873 4291 2084 4356 Chesn.
2110 4303 2168 4352 et
2189 4290 2372 4353 Felib.
