3275 5317
1184 582 1542 640 CHARTES.
2299 592 2414 651 337

299 737 455 784 non
484 726 617 796 est,
646 714 1058 810 imputetur.
1088 712 1541 784 Potissimum
1571 714 1767 786 enim
1794 716 1946 790 haec
1968 720 2414 817 reponimuS‚

304 843 390 899 ut
434 851 923 899 successorum
964 827 1265 899 fratrum
1298 841 1369 899 et
1399 826 1954 902 benivolentiam
1984 848 2055 905 et
2088 834 2418 909 devotio-

302 966 475 1013 nem
496 941 967 1038 acquiramus.
990 946 1257 1013 Verum
1285 944 1451 1039 quia
1480 943 2033 1018 elemosinarum
2055 946 2424 1043 largitione

304 1071 598 1155 peccata
626 1054 1104 1148 redimuntur,
1141 1058 1214 1127 in
1238 1054 1379 1128 hoc
1419 1058 1633 1130 etiam
1675 1058 1924 1131 fratres
1955 1062 2182 1133 nostri
2212 1065 2426 1135 caris-

303 1172 468 1243 simi
504 1171 684 1243 mihi
715 1170 1176 1269 providentes
1209 1170 1413 1243 firma
1444 1174 1814 1246 sanctione
1837 1176 2312 1269 constituunt,
2347 1193 2425 1251 ut

304 1288 507 1359 omni
545 1312 767 1376 anno,
807 1286 925 1359 die
966 1286 1425 1360 anniversarii
1451 1290 1621 1379 mei,
1661 1315 1879 1388 panes
1910 1291 2223 1365 duorum
2254 1319 2424 1367 mo-

304 1402 599 1475 diorum
630 1402 996 1493 frumenti,
1025 1417 1337 1500 quatuor
1364 1405 1646 1477 modios
1664 1406 1840 1498 vini,
1869 1408 2222 1503 sexaginta
2255 1410 2424 1482 soli-

304 1518 511 1591 datas
557 1518 909 1607 carnium,
955 1533 1101 1591 tam
1144 1518 1351 1618 prior
1408 1518 1623 1617 hujus
1677 1519 1986 1593 ecclesiae
2030 1548 2250 1620 quam
2293 1525 2428 1598 ele·

304 1634 734 1705 mosinarius
753 1633 1173 1723 monachum,
1204 1649 1285 1706 ut
1309 1634 1523 1706 etiam
1546 1650 1619 1707 et
1651 1636 1783 1733 ipsi
1809 1638 1882 1708 in
1905 1636 2050 1710 hoc
2075 1637 2426 1713 beneficio

300 1748 757 1847 participent,
808 1772 883 1819 se
936 1762 1277 1846 praesente
1322 1748 1658 1823 distribui
1720 1751 1980 1825 faciant
2015 1780 2032 1825 ε
2092 1754 2428 1829 videlicet

305 1865 384 1936 in
424 1865 577 1963 ipsa
619 1887 876 1959 magna
919 1862 1141 1936 domo
1191 1862 1581 1962 hospitum,
1636 1880 1718 1937 ut
1763 1881 1834 1938 et
1875 1866 2075 1940 locus
2114 1884 2186 1940 et
2213 1895 2420 1967 opu5‚

306 1980 625 2051 Domino
668 1980 1071 2069 miserante,
1124 1979 1331 2050 nobis
1376 1997 1857 2078 cooperentur
1885 1984 1958 2053 in
1985 1982 2290 2057 bonum.
2339 1989 2430 2058 Et

308 2095 491 2166 dum
528 2118 878 2192 pauperes
902 2094 1250 2166 canonici
1290 2094 1365 2165 in
1405 2093 1627 2167 domo
1676 2098 1920 2169 Sancti
1961 2099 2161 2170 Pauli
2183 2102 2229 2190 ¹,
2276 2101 2432 2197 qui-

304 2208 448 2281 hus
479 2208 693 2280 etiam
729 2233 861 2305 pro
894 2207 1215 2279 remedio
1250 2209 1501 2279 animae
1530 2232 1709 2280 meae
1738 2208 2014 2308 aliquid
2045 2210 2421 2309 adquisivi,

307 2339 384 2398 et
408 2324 528 2395 alii
556 2322 793 2427 cleriei
830 2321 1203 2420 capellani,
1242 2347 1411 2395 cum
1440 2322 1909 2422 persolverint
1941 2325 2152 2398 nobis
2173 2330 2196 2363 ³
2226 2325 2428 2398 debi-

310 2455 469 2511 tum
502 2439 997 2528 anniversarii,
1061 2453 1185 2509 aut
1229 2438 1303 2509 in
1340 2438 1637 2511 ecclesia
1681 2440 1919 2512 Sancti
1963 2440 2152 2512 Pauli
2187 2456 2312 2513 aut
2354 2442 2428 2512 in

308 2556 473 2628 loco
506 2553 887 2653 sepulturae
922 2578 1123 2643 meae,
1166 2554 1228 2625 si
1267 2554 1398 2626 Dei
1440 2554 1935 2627 misericordia
1972 2554 2116 2627 hoc
2157 2557 2234 2627 in
2269 2555 2431 2627 loco

308 2665 489 2737 mihi
520 2688 683 2735 eam
714 2663 1117 2755 indulserit,
1164 2664 1237 2736 in
1270 2663 1656 2736 refectorio
1697 2688 1830 2736 suo
1873 2667 2328 2755 conveniant,
2363 2680 2434 2738 et

309 2776 406 2848 de
469 2800 552 2847 ea
615 2800 836 2873 quam
882 2799 1098 2873 supra
1152 2774 1785 2847 determinavimus
1834 2774 2221 2847 elemosina
2270 2799 2432 2846 mo·

310 2887 519 2959 dium
557 2886 707 2957 vini
750 2900 819 2957 et
858 2902 1150 2958 eentum
1180 2908 1399 2983 panes
1440 2884 1535 2957 ad
1584 2883 1842 2957 libram
1891 2901 1966 2957 et
2013 2884 2431 2983 qualitatem

314 2998 619 3069 fratrum
676 3021 719 3069 a
787 2998 1028 3095 priore
1100 3016 1171 3069 et
1232 2995 1730 3068 elemosinario
1788 2995 2158 3096 recipiant.
2223 2997 2430 3069 Unde

312 3130 491 3177 vero
528 3122 602 3178 et
634 3106 762 3178 ubi
793 3123 940 3179 tam
978 3107 1413 3179 frumentum
1464 3128 1687 3203 quam
1716 3105 1964 3176 vinum
1997 3120 2069 3178 et
2098 3104 2432 3179 denarios

310 3220 654 3314 habeant,
705 3221 1183 3295 determinare
1232 3221 1641 3293 curavimus
1685 3248 1702 3292 ε
1749 3220 2083 3293 videlicet
2125 3222 2198 3293 in'
2240 3235 2434 3293 tem·-

307 3360 490 3435 pore
510 3338 759 3410 messis
790 3361 833 3410 a
860 3337 1307 3410 Trembliaco
1340 3338 1816 3427 frumentum3
1848 3339 2044 3409 eam'
2072 3339 2264 3409 enim
2294 3337 2431 3409 ibi-

315 3451 489 3524 dem
519 3454 829 3526 multum
868 3449 1483 3549 amplificavimuS,
1518 3466 1590 3523 et
1626 3452 1699 3523 in
1733 3450 2034 3523 aedificio
2067 3450 2434 3521 exterioris

314 3568 535 3638 curiae
585 3582 655 3639 et
700 3568 1161 3657 horreorum,
1213 3580 1285 3638 et
1338 3564 1493 3637 aliis
1540 3564 2116 3662 quibuscumque
2164 3562 2426 3634 modis,

318 3686 499 3753 Item
556 3698 628 3755 et
663 3684 739 3755 in
773 3696 1099 3780 tempore
1127 3679 1505 3755 vindemiae
1547 3704 1589 3750 a
1638 3679 1892 3751 Ruoilo
1923 3678 2240 3774 quinque
2269 3700 2436 3749 mo·-

316 3796 481 3869 dios
510 3798 683 3889 vini,
724 3798 817 3871 de
865 3822 950 3869 ea
988 3822 1207 3895 quam
1244 3796 1539 3867 fecimus
1581 3792 1776 3891 apud
1809 3798 2224 3864 Lovecenas
2251 3817 2437 3864 nova

315 3912 809 4010 acquisitione.
862 3912 1389 4010 Adquisivimus
1436 3909 1632 3981 enim
1676 3905 1778 3979 ibi
1812 3908 2036 3981 ferme
2077 3908 2436 4003 sexaginta

316 4027 605 4101 modios
638 4028 784 4101 vini
813 4028 1011 4101 omni
1037 4050 1255 4101 anno.
1286 4026 1635 4098 Denarios
1656 4049 1858 4116 vero,
1880 4022 1972 4097 de
2002 4028 2436 4096 Francorum

401 4220 461 4277 1.
491 4221 562 4275 In
587 4215 731 4275 urbe
752 4215 947 4276 Sancti
978 4214 1233 4293 Dionysii
1255 4214 1380 4274 sitit.
2059 4290 2066 4297 .

400 4312 461 4369 2.
492 4308 669 4369 Nobis
694 4307 857 4369 deest
875 4307 937 4369 in
962 4308 1104 4373 edit.
1131 4308 1341 4369 Chesn.
1394 4340 1469 4353 —
1513 4311 1573 4366 3.
1612 4310 1728 4365 Eas
1759 4304 1822 4363 in
1844 4303 1991 4383 orig.
2017 4302 2236 4363 charta.

2125 4412 2204 4467 22
