<?xml version="1.0" encoding="UTF-8"?>
<!DOCTYPE html PUBLIC "-//W3C//DTD XHTML 1.0 Transitional//EN"
    "http://www.w3.org/TR/xhtml1/DTD/xhtml1-transitional.dtd">
<html xmlns="http://www.w3.org/1999/xhtml" xml:lang="en" lang="en">
 <head>
  <title>
</title>
<meta http-equiv="Content-Type" content="text/html;charset=utf-8" />
  <meta name='ocr-system' content='tesseract 3.04.00' />
  <meta name='ocr-capabilities' content='ocr_page ocr_carea ocr_par ocr_line ocrx_word'/>
</head>
<body>
  <div class='ocr_page' id='page_1' title='image "./oeuvrescompltes00marcgoog_0300.png"; bbox 0 0 3275 5317; ppageno 0'>
   <div class='ocr_carea' id='block_1_1' title="bbox 1258 513 2494 579">
    <p class='ocr_par' dir='ltr' id='par_1_1' title="bbox 1258 513 2494 579">
     <span class='ocr_line' id='line_1_1' title="bbox 1258 513 2494 579; baseline 0.006 -9"><span class='ocrx_word' id='word_1_1' title='bbox 1258 513 1602 573; x_wconf 80' lang='lat' dir='ltr'><strong>LETI&#39;RES.</strong></span> <span class='ocrx_word' id='word_1_2' title='bbox 2380 521 2494 579; x_wconf 78' lang='lat'>267</span> 
     </span>
    </p>
   </div>
   <div class='ocr_carea' id='block_1_2' title="bbox 385 646 2502 1673">
    <p class='ocr_par' dir='ltr' id='par_1_2' title="bbox 385 646 2502 1673">
     <span class='ocr_line' id='line_1_2' title="bbox 391 646 2491 750; baseline 0.002 -29"><span class='ocrx_word' id='word_1_3' title='bbox 391 650 539 721; x_wconf 89' lang='lat' dir='ltr'>sive</span> <span class='ocrx_word' id='word_1_4' title='bbox 562 648 989 746; x_wconf 86' lang='lat' dir='ltr'>optimatum</span> <span class='ocrx_word' id='word_1_5' title='bbox 1008 660 1435 735; x_wconf 83' lang='lat' dir='ltr'>vestrorum,</span> <span class='ocrx_word' id='word_1_6' title='bbox 1466 646 1542 717; x_wconf 90' lang='lat' dir='ltr'>in</span> <span class='ocrx_word' id='word_1_7' title='bbox 1562 670 1886 741; x_wconf 85' lang='lat' dir='ltr'><strong>guerram</strong></span> <span class='ocrx_word' id='word_1_8' title='bbox 1916 650 2292 725; x_wconf 86' lang='lat' dir='ltr'>immature</span> <span class='ocrx_word' id='word_1_9' title='bbox 2323 676 2491 750; x_wconf 85' lang='lat' dir='ltr'>pro-</span> 
     </span>
     <span class='ocr_line' id='line_1_3' title="bbox 390 762 2498 864; baseline 0.002 -27"><span class='ocrx_word' id='word_1_10' title='bbox 390 765 759 864; x_wconf 76' lang='lat' dir='ltr'><strong>rumpatis,</strong></span> <span class='ocrx_word' id='word_1_11' title='bbox 794 764 869 837; x_wconf 87' lang='lat' dir='ltr'>Si</span> <span class='ocrx_word' id='word_1_12' title='bbox 896 762 1072 861; x_wconf 91' lang='lat' dir='ltr'>quid</span> <span class='ocrx_word' id='word_1_13' title='bbox 1098 763 1291 834; x_wconf 87' lang='lat' dir='ltr'>enim</span> <span class='ocrx_word' id='word_1_14' title='bbox 1324 762 1559 834; x_wconf 84' lang='lat' dir='ltr'>minus</span> <span class='ocrx_word' id='word_1_15' title='bbox 1584 763 1907 835; x_wconf 84' lang='lat' dir='ltr'><strong>consulte</strong></span> <span class='ocrx_word' id='word_1_16' title='bbox 1944 770 2247 862; x_wconf 85' lang='lat' dir='ltr'>aggressi</span> <span class='ocrx_word' id='word_1_17' title='bbox 2280 768 2498 841; x_wconf 86' lang='lat' dir='ltr'>fueri-</span> 
     </span>
     <span class='ocr_line' id='line_1_4' title="bbox 388 876 2500 971; baseline 0.001 -18"><span class='ocrx_word' id='word_1_18' title='bbox 388 881 505 971; x_wconf 88' lang='lat' dir='ltr'>tis,</span> <span class='ocrx_word' id='word_1_19' title='bbox 540 905 675 953; x_wconf 86' lang='lat' dir='ltr'>nec</span> <span class='ocrx_word' id='word_1_20' title='bbox 703 904 873 952; x_wconf 84' lang='lat' dir='ltr'>cum</span> <span class='ocrx_word' id='word_1_21' title='bbox 906 878 1187 951; x_wconf 87' lang='lat' dir='ltr'>honore</span> <span class='ocrx_word' id='word_1_22' title='bbox 1220 876 1509 969; x_wconf 76' lang='lat' dir='ltr'>dimitti,</span> <span class='ocrx_word' id='word_1_23' title='bbox 1547 901 1683 951; x_wconf 88' lang='lat' dir='ltr'>nec</span> <span class='ocrx_word' id='word_1_24' title='bbox 1721 879 1873 951; x_wconf 88' lang='lat' dir='ltr'>sine</span> <span class='ocrx_word' id='word_1_25' title='bbox 1905 881 2218 953; x_wconf 82' lang='lat' dir='ltr'>maximo</span> <span class='ocrx_word' id='word_1_26' title='bbox 2251 882 2500 955; x_wconf 87' lang='lat' dir='ltr'>labore</span> 
     </span>
     <span class='ocr_line' id='line_1_5' title="bbox 385 993 2500 1099; baseline 0.001 -29"><span class='ocrx_word' id='word_1_27' title='bbox 385 997 634 1099; x_wconf 85' lang='lat' dir='ltr'>perfici</span> <span class='ocrx_word' id='word_1_28' title='bbox 660 996 948 1095; x_wconf 88' lang='lat' dir='ltr'>poterit.</span> <span class='ocrx_word' id='word_1_29' title='bbox 999 995 1167 1085; x_wconf 83' lang='lat' dir='ltr'>Sed,</span> <span class='ocrx_word' id='word_1_30' title='bbox 1222 993 1810 1093; x_wconf 85' lang='lat' dir='ltr'>quandoquidem</span> <span class='ocrx_word' id='word_1_31' title='bbox 1850 997 2177 1071; x_wconf 90' lang='lat' dir='ltr'>homines</span> <span class='ocrx_word' id='word_1_32' title='bbox 2221 1014 2500 1074; x_wconf 79' lang='lat' dir='ltr'>vestros</span> 
     </span>
     <span class='ocr_line' id='line_1_6' title="bbox 392 1112 2498 1212; baseline 0.001 -26"><span class='ocrx_word' id='word_1_33' title='bbox 392 1129 685 1212; x_wconf 86' lang='lat' dir='ltr'>propter</span> <span class='ocrx_word' id='word_1_34' title='bbox 718 1112 859 1184; x_wconf 84' lang='lat' dir='ltr'>hoo</span> <span class='ocrx_word' id='word_1_35' title='bbox 896 1113 1361 1202; x_wconf 78' lang='lat' dir='ltr'>convocasti5‚</span> <span class='ocrx_word' id='word_1_36' title='bbox 1400 1128 1726 1207; x_wconf 83' lang='lat' dir='ltr'>rogantes</span> <span class='ocrx_word' id='word_1_37' title='bbox 1747 1113 2209 1187; x_wconf 75' lang='lat' dir='ltr'>consulimus¹</span> <span class='ocrx_word' id='word_1_38' title='bbox 2233 1132 2340 1208; x_wconf 86' lang='lat' dir='ltr'>ut,</span> <span class='ocrx_word' id='word_1_39' title='bbox 2367 1142 2498 1189; x_wconf 89' lang='lat' dir='ltr'>au-</span> 
     </span>
     <span class='ocr_line' id='line_1_7' title="bbox 392 1227 2496 1328; baseline 0.001 -26"><span class='ocrx_word' id='word_1_40' title='bbox 392 1230 549 1303; x_wconf 88' lang='lat' dir='ltr'>dito</span> <span class='ocrx_word' id='word_1_41' title='bbox 597 1254 845 1301; x_wconf 90' lang='lat' dir='ltr'>eorum</span> <span class='ocrx_word' id='word_1_42' title='bbox 904 1227 1201 1300; x_wconf 86' lang='lat' dir='ltr'>consilio</span> <span class='ocrx_word' id='word_1_43' title='bbox 1226 1283 1247 1319; x_wconf 87' lang='lat'>‚</span> <span class='ocrx_word' id='word_1_44' title='bbox 1299 1228 1664 1325; x_wconf 85' lang='lat' dir='ltr'>aliquanto</span> <span class='ocrx_word' id='word_1_45' title='bbox 1720 1241 2037 1328; x_wconf 88' lang='lat' dir='ltr'>tempore</span> <span class='ocrx_word' id='word_1_46' title='bbox 2095 1230 2496 1304; x_wconf 82' lang='lat' dir='ltr'>differendo</span> 
     </span>
     <span class='ocr_line' id='line_1_8' title="bbox 392 1343 2502 1445; baseline 0.001 -28"><span class='ocrx_word' id='word_1_47' title='bbox 392 1346 819 1435; x_wconf 80' lang='lat' dir='ltr'>sustineatis,</span> <span class='ocrx_word' id='word_1_48' title='bbox 869 1343 1103 1417; x_wconf 86' lang='lat' dir='ltr'>donec</span> <span class='ocrx_word' id='word_1_49' title='bbox 1144 1343 1465 1416; x_wconf 89' lang='lat' dir='ltr'>fidelium</span> <span class='ocrx_word' id='word_1_50' title='bbox 1509 1357 1912 1416; x_wconf 68' lang='lat' dir='ltr'>vestrorum</span> <span class='ocrx_word' id='word_1_51' title='bbox 1933 1398 1952 1436; x_wconf 87' lang='lat'><strong>,</strong></span> <span class='ocrx_word' id='word_1_52' title='bbox 2004 1346 2502 1445; x_wconf 86' lang='lat' dir='ltr'>episcoporum</span> 
     </span>
     <span class='ocr_line' id='line_1_9' title="bbox 395 1458 2494 1560; baseline 0.001 -29"><span class='ocrx_word' id='word_1_53' title='bbox 395 1460 659 1532; x_wconf 87' lang='lat' dir='ltr'>scilicet</span> <span class='ocrx_word' id='word_1_54' title='bbox 678 1474 753 1533; x_wconf 87' lang='lat' dir='ltr'>et</span> <span class='ocrx_word' id='word_1_55' title='bbox 767 1482 1175 1557; x_wconf 84' lang='lat' dir='ltr'>procerum,</span> <span class='ocrx_word' id='word_1_56' title='bbox 1188 1484 1405 1558; x_wconf 84' lang='lat' dir='ltr'>super</span> <span class='ocrx_word' id='word_1_57' title='bbox 1425 1458 1565 1531; x_wconf 89' lang='lat' dir='ltr'>hoc</span> <span class='ocrx_word' id='word_1_58' title='bbox 1584 1459 1958 1531; x_wconf 81' lang='lat' dir='ltr'>eonsilium</span> <span class='ocrx_word' id='word_1_59' title='bbox 1975 1460 2274 1533; x_wconf 89' lang='lat' dir='ltr'>audiatis</span> <span class='ocrx_word' id='word_1_60' title='bbox 2298 1489 2314 1531; x_wconf 76' lang='grc' dir='ltr'><strong>ε</strong></span> <span class='ocrx_word' id='word_1_61' title='bbox 2341 1463 2494 1560; x_wconf 90' lang='lat' dir='ltr'>qui,</span> 
     </span>
     <span class='ocr_line' id='line_1_10' title="bbox 396 1573 2494 1673; baseline 0 -27"><span class='ocrx_word' id='word_1_62' title='bbox 396 1599 479 1646; x_wconf 88' lang='lat' dir='ltr'>ex</span> <span class='ocrx_word' id='word_1_63' title='bbox 525 1574 687 1671; x_wconf 85' lang='lat' dir='ltr'>jure</span> <span class='ocrx_word' id='word_1_64' title='bbox 742 1573 1097 1647; x_wconf 89' lang='lat' dir='ltr'>fidelitatis</span> <span class='ocrx_word' id='word_1_65' title='bbox 1151 1599 1367 1673; x_wconf 89' lang='lat' dir='ltr'>quam</span> <span class='ocrx_word' id='word_1_66' title='bbox 1419 1598 1641 1670; x_wconf 89' lang='lat' dir='ltr'>regno</span> <span class='ocrx_word' id='word_1_67' title='bbox 1711 1588 1781 1645; x_wconf 90' lang='lat' dir='ltr'>et</span> <span class='ocrx_word' id='word_1_68' title='bbox 1843 1600 2126 1649; x_wconf 87' lang='lat' dir='ltr'>coronae</span> <span class='ocrx_word' id='word_1_69' title='bbox 2185 1576 2450 1649; x_wconf 90' lang='lat' dir='ltr'>debent</span> <span class='ocrx_word' id='word_1_70' title='bbox 2473 1632 2494 1671; x_wconf 86' lang='lat'>,</span> 
     </span>
    </p>
   </div>
   <div class='ocr_carea' id='block_1_3' title="bbox 391 1688 2498 1876">
    <p class='ocr_par' dir='ltr' id='par_1_3' title="bbox 391 1688 2498 1876">
     <span class='ocr_line' id='line_1_11' title="bbox 391 1688 2498 1789; baseline 0.002 -29"><span class='ocrx_word' id='word_1_71' title='bbox 391 1688 591 1785; x_wconf 92' lang='lat' dir='ltr'>quod</span> <span class='ocrx_word' id='word_1_72' title='bbox 617 1690 822 1762; x_wconf 85' lang='lat' dir='ltr'>vobis</span> <span class='ocrx_word' id='word_1_73' title='bbox 855 1692 1352 1787; x_wconf 85' lang='lat' dir='ltr'>suggesserint,</span> <span class='ocrx_word' id='word_1_74' title='bbox 1393 1689 1734 1789; x_wconf 85' lang='lat' dir='ltr'>perficere</span> <span class='ocrx_word' id='word_1_75' title='bbox 1779 1690 1946 1763; x_wconf 86' lang='lat' dir='ltr'>totis</span> <span class='ocrx_word' id='word_1_76' title='bbox 1990 1690 2258 1765; x_wconf 88' lang='lat' dir='ltr'>viribus</span> <span class='ocrx_word' id='word_1_77' title='bbox 2294 1693 2498 1789; x_wconf 50' lang='lat' dir='ltr'>adju„</span> 
     </span>
     <span class='ocr_line' id='line_1_12' title="bbox 392 1802 729 1876; baseline 0.003 -1"><span class='ocrx_word' id='word_1_78' title='bbox 392 1802 662 1876; x_wconf 79' lang='lat' dir='ltr'>vabunt</span> <span class='ocrx_word' id='word_1_79' title='bbox 685 1806 729 1876; x_wconf 74' lang='lat'>³.</span> 
     </span>
    </p>
   </div>
   <div class='ocr_carea' id='block_1_4' title="bbox 586 2193 2298 2269">
    <p class='ocr_par' dir='ltr' id='par_1_4' title="bbox 586 2193 2298 2269">
     <span class='ocr_line' id='line_1_13' title="bbox 586 2193 2298 2269; baseline 0 -28"><span class='ocrx_word' id='word_1_80' title='bbox 586 2194 751 2242; x_wconf 81' lang='lat' dir='ltr'>xvu.</span> <span class='ocrx_word' id='word_1_81' title='bbox 811 2194 907 2241; x_wconf 73' lang='lat' dir='ltr'>AD</span> <span class='ocrx_word' id='word_1_82' title='bbox 936 2194 1356 2269; x_wconf 50' lang='lat' dir='ltr'>{nummum</span> <span class='ocrx_word' id='word_1_83' title='bbox 1386 2194 1700 2244; x_wconf 72' lang='lat' dir='ltr'>comm</span> <span class='ocrx_word' id='word_1_84' title='bbox 1735 2193 2298 2244; x_wconf 73' lang='lat' dir='ltr'><strong>ANDEGAVENSEM.</strong></span> 
     </span>
    </p>
   </div>
   <div class='ocr_carea' id='block_1_5' title="bbox 397 2456 2506 2702">
    <p class='ocr_par' dir='ltr' id='par_1_5' title="bbox 397 2456 2506 2702">
     <span class='ocr_line' id='line_1_14' title="bbox 397 2456 2506 2536; baseline -0.003 -18"><span class='ocrx_word' id='word_1_85' title='bbox 397 2462 583 2536; x_wconf 83' lang='lat' dir='ltr'>Suger</span> <span class='ocrx_word' id='word_1_86' title='bbox 616 2460 855 2535; x_wconf 78' lang='lat' dir='ltr'>informe</span> <span class='ocrx_word' id='word_1_87' title='bbox 880 2462 935 2515; x_wconf 84' lang='lat' dir='ltr'>le</span> <span class='ocrx_word' id='word_1_88' title='bbox 956 2471 1130 2515; x_wconf 84' lang='lat' dir='ltr'>comte</span> <span class='ocrx_word' id='word_1_89' title='bbox 1150 2456 1403 2529; x_wconf 81' lang='lat' dir='ltr'>d’Anjou</span> <span class='ocrx_word' id='word_1_90' title='bbox 1430 2478 1561 2533; x_wconf 82' lang='lat' dir='ltr'>que,</span> <span class='ocrx_word' id='word_1_91' title='bbox 1584 2477 1684 2513; x_wconf 83' lang='lat' dir='ltr'>sur</span> <span class='ocrx_word' id='word_1_92' title='bbox 1711 2476 1800 2514; x_wconf 85' lang='lat' dir='ltr'>ses</span> <span class='ocrx_word' id='word_1_93' title='bbox 1828 2462 2108 2513; x_wconf 68' lang='lat' dir='ltr'>instance-s·</span> <span class='ocrx_word' id='word_1_94' title='bbox 2133 2467 2190 2512; x_wconf 78' lang='lat' dir='ltr'>et</span> <span class='ocrx_word' id='word_1_95' title='bbox 2213 2474 2312 2511; x_wconf 79' lang='lat' dir='ltr'>sur</span> <span class='ocrx_word' id='word_1_96' title='bbox 2341 2459 2506 2513; x_wconf 85' lang='lat' dir='ltr'>celles</span> 
     </span>
     <span class='ocr_line' id='line_1_15' title="bbox 480 2550 2506 2628; baseline -0 -20"><span class='ocrx_word' id='word_1_97' title='bbox 480 2555 557 2608; x_wconf 80' lang='lat' dir='ltr'>du</span> <span class='ocrx_word' id='word_1_98' title='bbox 580 2564 754 2608; x_wconf 84' lang='lat' dir='ltr'>comte</span> <span class='ocrx_word' id='word_1_99' title='bbox 775 2550 848 2610; x_wconf 82' lang='lat' dir='ltr'>de</span> <span class='ocrx_word' id='word_1_100' title='bbox 873 2552 1143 2627; x_wconf 83' lang='lat' dir='ltr'>Flandre,</span> <span class='ocrx_word' id='word_1_101' title='bbox 1174 2554 1229 2607; x_wconf 85' lang='lat' dir='ltr'>le</span> <span class='ocrx_word' id='word_1_102' title='bbox 1250 2556 1337 2606; x_wconf 79' lang='lat' dir='ltr'>roi</span> <span class='ocrx_word' id='word_1_103' title='bbox 1364 2570 1403 2607; x_wconf 86' lang='grc' dir='ltr'><em>α</em></span> <span class='ocrx_word' id='word_1_104' title='bbox 1427 2553 1668 2607; x_wconf 82' lang='lat' dir='ltr'>renonce‘</span> <span class='ocrx_word' id='word_1_105' title='bbox 1679 2553 1718 2607; x_wconf 86' lang='grc' dir='ltr'><em>ὰ</em></span> <span class='ocrx_word' id='word_1_106' title='bbox 1743 2553 1898 2628; x_wconf 75' lang='lat' dir='ltr'>faire</span> <span class='ocrx_word' id='word_1_107' title='bbox 1923 2550 2176 2607; x_wconf 71' lang='lat' dir='ltr'>mas-cher</span> <span class='ocrx_word' id='word_1_108' title='bbox 2198 2568 2296 2605; x_wconf 86' lang='lat' dir='ltr'>son</span> <span class='ocrx_word' id='word_1_109' title='bbox 2315 2554 2506 2607; x_wconf 73' lang='lat' dir='ltr'>arme‘e</span> 
     </span>
     <span class='ocr_line' id='line_1_16' title="bbox 477 2648 791 2702; baseline 0.01 -3"><span class='ocrx_word' id='word_1_110' title='bbox 477 2656 665 2700; x_wconf 80' lang='lat' dir='ltr'>contre</span> <span class='ocrx_word' id='word_1_111' title='bbox 690 2648 791 2702; x_wconf 76' lang='lat' dir='ltr'>lui.</span> 
     </span>
    </p>
   </div>
   <div class='ocr_carea' id='block_1_6' title="bbox 1356 2800 1564 2880">
    <p class='ocr_par' dir='ltr' id='par_1_6' title="bbox 1356 2800 1564 2880">
     <span class='ocr_line' id='line_1_17' title="bbox 1356 2800 1564 2880; baseline 0.005 -22"><span class='ocrx_word' id='word_1_112' title='bbox 1356 2800 1564 2880; x_wconf 76' lang='lat'>(1150)</span> 
     </span>
    </p>
   </div>
   <div class='ocr_carea' id='block_1_7' title="bbox 394 3008 2507 3924">
    <p class='ocr_par' dir='ltr' id='par_1_7' title="bbox 399 3008 2500 3321">
     <span class='ocr_line' id='line_1_18' title="bbox 493 3008 2500 3111; baseline -0.003 -23"><span class='ocrx_word' id='word_1_113' title='bbox 493 3016 815 3111; x_wconf 87' lang='lat' dir='ltr'>Egregio,</span> <span class='ocrx_word' id='word_1_114' title='bbox 858 3017 987 3087; x_wconf 93' lang='lat' dir='ltr'>Dei</span> <span class='ocrx_word' id='word_1_115' title='bbox 1034 3014 1275 3111; x_wconf 87' lang='lat' dir='ltr'>gratia,</span> <span class='ocrx_word' id='word_1_116' title='bbox 1326 3013 1573 3085; x_wconf 86' lang='lat' dir='ltr'>comiti</span> <span class='ocrx_word' id='word_1_117' title='bbox 1620 3010 2106 3105; x_wconf 82' lang='lat' dir='ltr'>Andegavensi</span> <span class='ocrx_word' id='word_1_118' title='bbox 2127 3008 2500 3103; x_wconf 87' lang='lat' dir='ltr'>Gaufrid0,</span> 
     </span>
     <span class='ocr_line' id='line_1_19' title="bbox 399 3126 2498 3227; baseline -0.004 -22"><span class='ocrx_word' id='word_1_119' title='bbox 399 3135 727 3227; x_wconf 87' lang='lat' dir='ltr'>Sugerius</span> <span class='ocrx_word' id='word_1_120' title='bbox 800 3134 990 3204; x_wconf 86' lang='lat' dir='ltr'>Beati</span> <span class='ocrx_word' id='word_1_121' title='bbox 1045 3130 1366 3226; x_wconf 85' lang='lat' dir='ltr'>Dionysii</span> <span class='ocrx_word' id='word_1_122' title='bbox 1439 3128 1664 3200; x_wconf 87' lang='lat' dir='ltr'>abbas</span> <span class='ocrx_word' id='word_1_123' title='bbox 1691 3181 1713 3218; x_wconf 84' lang='lat'>‚</span> <span class='ocrx_word' id='word_1_124' title='bbox 1792 3126 2094 3197; x_wconf 86' lang='lat' dir='ltr'>salutem</span> <span class='ocrx_word' id='word_1_125' title='bbox 2150 3140 2222 3197; x_wconf 86' lang='lat' dir='ltr'>et</span> <span class='ocrx_word' id='word_1_126' title='bbox 2277 3126 2498 3199; x_wconf 86' lang='lat' dir='ltr'>dilec-</span> 
     </span>
     <span class='ocr_line' id='line_1_20' title="bbox 402 3250 823 3321; baseline -0.002 -1"><span class='ocrx_word' id='word_1_127' title='bbox 402 3250 693 3321; x_wconf 83' lang='lat' dir='ltr'>tionem.</span> <span class='ocrx_word' id='word_1_128' title='bbox 816 3280 823 3291; x_wconf 89' lang='lat'><strong>·</strong></span> 
     </span>
    </p>

    <p class='ocr_par' dir='ltr' id='par_1_8' title="bbox 394 3358 2507 3924">
     <span class='ocr_line' id='line_1_21' title="bbox 490 3358 2506 3457; baseline -0.005 -22"><span class='ocrx_word' id='word_1_129' title='bbox 490 3368 674 3435; x_wconf 86' lang='lat' dir='ltr'>Cum</span> <span class='ocrx_word' id='word_1_130' title='bbox 734 3362 825 3434; x_wconf 93' lang='lat' dir='ltr'>de</span> <span class='ocrx_word' id='word_1_131' title='bbox 887 3363 1171 3457; x_wconf 86' lang='lat' dir='ltr'>negotio</span> <span class='ocrx_word' id='word_1_132' title='bbox 1236 3376 1473 3433; x_wconf 85' lang='lat' dir='ltr'>vestro</span> <span class='ocrx_word' id='word_1_133' title='bbox 1495 3414 1513 3449; x_wconf 93' lang='lat'>‚</span> <span class='ocrx_word' id='word_1_134' title='bbox 1574 3360 1758 3430; x_wconf 87' lang='lat' dir='ltr'>sicut</span> <span class='ocrx_word' id='word_1_135' title='bbox 1807 3382 1942 3429; x_wconf 90' lang='lat' dir='ltr'>nos</span> <span class='ocrx_word' id='word_1_136' title='bbox 2007 3372 2080 3429; x_wconf 89' lang='lat' dir='ltr'>et</span> <span class='ocrx_word' id='word_1_137' title='bbox 2134 3358 2506 3453; x_wconf 90' lang='lat' dir='ltr'>episcopus</span> 
     </span>
     <span class='ocr_line' id='line_1_22' title="bbox 394 3470 2504 3571; baseline -0.005 -22"><span class='ocrx_word' id='word_1_138' title='bbox 394 3480 848 3550; x_wconf 84' lang='lat' dir='ltr'>Luxoviensis</span> <span class='ocrx_word' id='word_1_139' title='bbox 875 3477 1428 3565; x_wconf 75' lang='lat' dir='ltr'>contuleramu5‚</span> <span class='ocrx_word' id='word_1_140' title='bbox 1467 3474 1948 3571; x_wconf 87' lang='lat' dir='ltr'>loqueremur,</span> <span class='ocrx_word' id='word_1_141' title='bbox 2000 3470 2359 3567; x_wconf 76' lang='lat' dir='ltr'>inopinate</span> <span class='ocrx_word' id='word_1_142' title='bbox 2387 3494 2504 3541; x_wconf 85' lang='lat' dir='ltr'>ve—</span> 
     </span>
     <span class='ocr_line' id='line_1_23' title="bbox 396 3592 2506 3688; baseline -0.005 -23"><span class='ocrx_word' id='word_1_143' title='bbox 396 3595 499 3666; x_wconf 89' lang='lat' dir='ltr'>nit</span> <span class='ocrx_word' id='word_1_144' title='bbox 540 3617 779 3665; x_wconf 87' lang='lat' dir='ltr'>comes</span> <span class='ocrx_word' id='word_1_145' title='bbox 816 3592 1182 3680; x_wconf 83' lang='lat' dir='ltr'>Flandriae‚</span> <span class='ocrx_word' id='word_1_146' title='bbox 1239 3592 1365 3687; x_wconf 91' lang='lat' dir='ltr'>qui</span> <span class='ocrx_word' id='word_1_147' title='bbox 1411 3616 1540 3688; x_wconf 90' lang='lat' dir='ltr'>per</span> <span class='ocrx_word' id='word_1_148' title='bbox 1588 3614 1664 3660; x_wconf 88' lang='lat' dir='ltr'>se</span> <span class='ocrx_word' id='word_1_149' title='bbox 1717 3603 1786 3660; x_wconf 83' lang='lat' dir='ltr'>et</span> <span class='ocrx_word' id='word_1_150' title='bbox 1835 3609 1964 3683; x_wconf 89' lang='lat' dir='ltr'>per</span> <span class='ocrx_word' id='word_1_151' title='bbox 2015 3606 2506 3682; x_wconf 81' lang='lat' dir='ltr'>quoscumque</span> 
     </span>
     <span class='ocr_line' id='line_1_24' title="bbox 398 3698 2507 3808; baseline -0.005 -27"><span class='ocrx_word' id='word_1_152' title='bbox 398 3710 631 3808; x_wconf 84' lang='lat' dir='ltr'>potuit</span> <span class='ocrx_word' id='word_1_153' title='bbox 664 3764 681 3797; x_wconf 91' lang='lat'>,</span> <span class='ocrx_word' id='word_1_154' title='bbox 743 3708 955 3780; x_wconf 87' lang='lat' dir='ltr'>nobis</span> <span class='ocrx_word' id='word_1_155' title='bbox 1003 3708 1217 3778; x_wconf 86' lang='lat' dir='ltr'>etiam</span> <span class='ocrx_word' id='word_1_156' title='bbox 1270 3704 1750 3777; x_wconf 85' lang='lat' dir='ltr'>insistentibus</span> <span class='ocrx_word' id='word_1_157' title='bbox 1778 3754 1798 3792; x_wconf 90' lang='lat'><strong>,</strong></span> <span class='ocrx_word' id='word_1_158' title='bbox 1855 3698 2077 3770; x_wconf 72' lang='lat' dir='ltr'>multa</span> <span class='ocrx_word' id='word_1_159' title='bbox 2129 3722 2342 3795; x_wconf 87' lang='lat' dir='ltr'>prece</span> <span class='ocrx_word' id='word_1_160' title='bbox 2393 3701 2507 3772; x_wconf 80' lang='lat' dir='ltr'>vix</span> 
     </span>
     <span class='ocr_line' id='line_1_25' title="bbox 396 3814 2506 3924; baseline -0.004 -29"><span class='ocrx_word' id='word_1_161' title='bbox 396 3824 589 3924; x_wconf 87' lang='lat' dir='ltr'>apud</span> <span class='ocrx_word' id='word_1_162' title='bbox 633 3824 1010 3896; x_wconf 89' lang='lat' dir='ltr'>dominum</span> <span class='ocrx_word' id='word_1_163' title='bbox 1054 3846 1291 3919; x_wconf 88' lang='lat' dir='ltr'>regem</span> <span class='ocrx_word' id='word_1_164' title='bbox 1336 3821 1647 3905; x_wconf 72' lang='lat' dir='ltr'>obtinuit</span> <span class='ocrx_word' id='word_1_165' title='bbox 1697 3832 1774 3889; x_wconf 87' lang='lat' dir='ltr'>ut</span> <span class='ocrx_word' id='word_1_166' title='bbox 1809 3814 2257 3887; x_wconf 88' lang='lat' dir='ltr'>submonitus</span> <span class='ocrx_word' id='word_1_167' title='bbox 2306 3840 2506 3889; x_wconf 83' lang='lat' dir='ltr'>exer-</span> 
     </span>
    </p>
   </div>
   <div class='ocr_carea' id='block_1_8' title="bbox 478 4035 2503 4116">
    <p class='ocr_par' dir='ltr' id='par_1_9' title="bbox 478 4035 2503 4116">
     <span class='ocr_line' id='line_1_26' title="bbox 478 4035 2503 4116; baseline -0.003 -11"><span class='ocrx_word' id='word_1_168' title='bbox 478 4050 504 4104; x_wconf 83' lang='lat'><strong>1</strong></span> <span class='ocrx_word' id='word_1_169' title='bbox 520 4090 537 4108; x_wconf 89' lang='lat'><strong>.</strong></span> <span class='ocrx_word' id='word_1_170' title='bbox 587 4046 939 4105; x_wconf 72' lang='lat' dir='ltr'>consulimus</span> <span class='ocrx_word' id='word_1_171' title='bbox 964 4044 1062 4105; x_wconf 86' lang='lat' dir='ltr'>ed.</span> <span class='ocrx_word' id='word_1_172' title='bbox 1088 4042 1424 4103; x_wconf 85' lang='lat' dir='ltr'>Chesniana.</span> <span class='ocrx_word' id='word_1_173' title='bbox 1466 4074 1535 4087; x_wconf 89' lang='lat'>-</span> <span class='ocrx_word' id='word_1_174' title='bbox 1571 4042 1979 4111; x_wconf 78' lang='lat' dir='ltr'>consuluimus,</span> <span class='ocrx_word' id='word_1_175' title='bbox 2011 4035 2199 4096; x_wconf 77' lang='lat' dir='ltr'>minus</span> <span class='ocrx_word' id='word_1_176' title='bbox 2227 4038 2380 4116; x_wconf 78' lang='lat' dir='ltr'>apte,</span> <span class='ocrx_word' id='word_1_177' title='bbox 2407 4038 2503 4099; x_wconf 86' lang='lat' dir='ltr'>ed.</span> 
     </span>
    </p>
   </div>
   <div class='ocr_carea' id='block_1_9' title="bbox 398 4137 2341 4307">
    <p class='ocr_par' dir='ltr' id='par_1_10' title="bbox 398 4137 2341 4307">
     <span class='ocr_line' id='line_1_27' title="bbox 398 4137 920 4213; baseline -0.006 -13"><span class='ocrx_word' id='word_1_178' title='bbox 398 4137 920 4213; x_wconf 83' lang='lat' dir='ltr'>Benedictinorum.</span> 
     </span>
     <span class='ocr_line' id='line_1_28' title="bbox 478 4226 2341 4307; baseline -0.005 -17"><span class='ocrx_word' id='word_1_179' title='bbox 478 4236 537 4291; x_wconf 80' lang='lat'>2.</span> <span class='ocrx_word' id='word_1_180' title='bbox 568 4235 655 4289; x_wconf 86' lang='lat' dir='ltr'>Ex</span> <span class='ocrx_word' id='word_1_181' title='bbox 680 4230 919 4301; x_wconf 83' lang='lat' dir='ltr'>Chesn.‚</span> <span class='ocrx_word' id='word_1_182' title='bbox 945 4232 1044 4301; x_wconf 90' lang='lat' dir='ltr'>lV,</span> <span class='ocrx_word' id='word_1_183' title='bbox 1071 4231 1209 4289; x_wconf 73' lang='lat'><strong>540.</strong></span> <span class='ocrx_word' id='word_1_184' title='bbox 1242 4260 1318 4277; x_wconf 88' lang='lat'>—</span> <span class='ocrx_word' id='word_1_185' title='bbox 1344 4232 1477 4291; x_wconf 72' lang='lat' dir='ltr'>fler.</span> <span class='ocrx_word' id='word_1_186' title='bbox 1506 4232 1707 4307; x_wconf 75' lang='lat' dir='ltr'>gallic.</span> <span class='ocrx_word' id='word_1_187' title='bbox 1733 4232 2021 4303; x_wconf 64' lang='lat' dir='ltr'>scriptor„</span> <span class='ocrx_word' id='word_1_188' title='bbox 2046 4229 2174 4297; x_wconf 80' lang='lat' dir='ltr'>XV,</span> <span class='ocrx_word' id='word_1_189' title='bbox 2202 4226 2341 4282; x_wconf 74' lang='lat'><strong>522.</strong></span> 
     </span>
    </p>
   </div>
  </div>
 </body>
</html>
