3275 5317
828 632 1349 707 TrimolGNAcEs
1391 646 2034 705 coNTsMPoRAlNS.
2362 652 2471 707 421

365 779 574 844 luntas
607 778 1002 847 obnoxia....
1031 776 1204 863 Quid
1249 778 1462 843 enim?
1494 778 1559 843 Si
1597 777 1927 869 sapientia,
1974 779 2025 843 si
2070 777 2475 868 providentia

368 878 671 967 quaeritur
687 879 757 944 in
787 878 1072 971 Sugerio,
1103 895 1278 945 tanta
1303 880 1643 968 reperitur,
1683 896 1755 945 ut
1786 903 2201 970 quaecumque
2221 882 2477 970 negotia

364 996 575 1045 vestro
628 982 921 1047 nituntur
969 980 1256 1060 consilio,
1312 981 1555 1047 cautius
1599 982 1978 1071 procedant,
2028 999 2091 1047 et
2136 980 2479 1047 succedant

370 1079 631 1147 felicius.
665 1083 728 1147 Si
753 1082 836 1147 ad
861 1081 1235 1172 religionem
1265 1080 1636 1165 recurritur,
1684 1085 1765 1147 de
1793 1082 2050 1173 speculo
2084 1081 2226 1149 vitae
2252 1098 2476 1148 vestrae

366 1183 626 1263 relucet,
655 1201 720 1248 et
747 1182 922 1273 quod
942 1181 1096 1249 foris
1120 1184 1352 1263 luceat,
1385 1200 1452 1249 et
1495 1182 1672 1274 quod
1708 1184 1879 1250 intus
1921 1183 2245 1275 expediat.
2274 1182 2479 1249 Addi-

367 1301 471 1349 tur
490 1283 881 1351 liberalitatis
899 1286 1310 1375 praeconium‚
1339 1308 1478 1373 quae
1506 1285 1825 1352 beneficiis
1842 1288 2189 1377 praevenire
2208 1286 2466 1377 gaudet,

365 1386 641 1454 necdum
667 1404 886 1477 rogata
914 1386 1318 1479 rogaturum¹
1332 1437 1348 1452 .
1361 1438 1376 1453 .
1391 1435 1407 1453 .
1419 1436 1435 1453 .

459 1712 581 1764 vn.
661 1712 918 1760 narras
960 1712 1052 1759 ns
1112 1712 1451 1777 soscnnm,
1509 1692 1777 1775 ἐνίαυε·
1832 1714 1925 1761 ns·
1978 1714 2379 1775 saussunr,

1247 1840 1292 1885 A
1341 1838 1588 1885 sucta.

451 2128 698 2195 Dilecto
729 2149 796 2195 et
821 2132 1048 2198 merito
1085 2132 1411 2223 diligendo
1441 2134 1604 2223 patri
1649 2151 1714 2199 et
1746 2134 2013 2199 domino
2039 2134 2331 2225 Sugerio,
2359 2136 2473 2201 Dei

363 2234 566 2321 gratia
623 2232 841 2299 abbati
889 2234 1102 2299 Sancti
1161 2232 1477 2325 Dionysii,
1533 2234 1713 2324 regni
1773 2236 2165 2301 Francorum
2219 2236 2474 2316 rectori,

359 2334 786 2425 Joscel[in]us,
861 2337 1090 2402 eadem
1134 2336 1336 2427 gratia
1398 2337 1863 2404 Saraberiensis
1930 2336 2297 2427 episcopm,
2362 2339 2481 2403 sub

361 2438 588 2526 pennis
619 2438 943 2504 Cherubin
974 2451 1202 2505 manus
1233 2440 1535 2505 hominis.

450 2536 782 2627 Opinionis
824 2556 1050 2605 vestrae
1091 2540 1280 2619 odor,
1339 2542 1449 2630 qui
1513 2542 2009 2631 circumquaque
2077 2538 2479 2619 diffunditur,

363 2659 482 2701 nos
513 2638 593 2704 de
621 2640 1058 2705 transmarinis
1083 2640 1372 2730 partibus
1396 2642 1466 2705 in
1494 2664 1786 2706 amorem
1808 2644 2000 2707 vestri
2028 2663 2283 2707 currere
2307 2640 2477 2707 fecit.

361 2738 669 2804 ‘Venimus
703 2762 855 2828 ergo
899 2740 979 2806 de
1024 2739 1256 2806 finibus
1287 2758 1629 2822 terrarum,
1667 2756 1965 2820 vestram,
2000 2742 2239 2807 scilicet
2280 2743 2483 2806 nostri

361 2841 668 2929 temporis
711 2840 1072 2906 Salomonis
1104 2842 1326 2908 audire
1366 2843 1771 2933 sapientiam.
1814 2842 2201 2933 Sapientiam
2241 2841 2483 2908 audivi-

363 2965 527 3021 mus,
570 2941 880 3032 templum
914 2943 1085 3031 quod
1123 2944 1478 3011 aedificastis
1510 2944 1891 3035 aspeximus,
1927 2961 2303 3011 ornamenta
2343 2970 2483 3035 quae

360 3069 399 3110 a
430 3043 612 3110 vohis
638 3046 856 3111 oblata
900 3061 1052 3111 sunt
1085 3062 1152 3111 et
1184 3046 1539 3113 offeruntur
1569 3047 1871 3129 vidimus,
1904 3046 2203 3113 ordinem
2259 3046 2481 3113 minis·-

361 3162 605 3211 trorum
647 3162 715 3211 et
768 3146 1264 3214 ministeriorum
1309 3149 1695 3215 attendimus
1735 3173 1751 3211 ε
1804 3165 1871 3213 et
1918 3148 2148 3215 merito
2198 3149 2264 3214 in
2314 3150 2489 3215 illius·

363 3247 668 3313 Australis
699 3248 935 3338 reginae
971 3274 1158 3315 voces
1200 3253 1623 3341 erumpimus,
1682 3250 1831 3341 quia
1890 3251 2098 3317 media
2146 3274 2297 3342 pars
2350 3276 2481 3316 nou

353 3349 386 3413 f
393 3350 551 3415 uerit
589 3350 776 3415 nobis
827 3352 1147 3430 nunciata,
1199 3368 1263 3418 et
1312 3352 1617 3442 quoniam
1675 3356 1885 3440 major
1933 3368 2029 3419 est
2074 3352 2387 3442 sapientia
2422 3368 2487 3415 et

363 3475 559 3542 opera
598 3476 790 3542 quam
839 3476 1060 3518 rumor
1099 3453 1290 3519 fuerit
1330 3456 1396 3519 in
1447 3472 1615 3520 terra
1658 3472 1899 3521 nostra.
1954 3454 2115 3537 Quis
2148 3454 2323 3517 enim
2348 3474 2481 3515 non

355 3554 628 3619 'miretur
650 3553 977 3620 hominem
1007 3579 1206 3621 unum
1233 3572 1334 3621 tot
1364 3573 1428 3622 et
1459 3573 1636 3623 tanta
1663 3556 1971 3622 sustinere
1998 3552 2284 3643 negotia,
2320 3569 2391 3617 ut
2418 3568 2484 3617 et

362 3654 764 3721 ecclesiarum
805 3678 1028 3747 pacem
1074 3675 1426 3736 conservet,
1465 3674 1699 3723 statum
1744 3658 2075 3734 reformet,
2112 3670 2175 3719 et
2212 3676 2483 3744 regnum

361 3757 748 3835 Francorum
772 3760 966 3823 >armis
989 3773 1263 3834 tueatur,
1295 3756 1580 3823 moribus
1607 3772 1816 3835 ornet,
1850 3756 2099 3844 legibus
2132 3754 2485 3821 emendet?

359 3858 596 3923 Merito
625 3860 837 3947 itaque
865 3881 1040 3925 mare
1072 3860 1312 3923 intrare
1340 3857 1697 3936 debuimu5‚
1716 3872 1783 3922 et
1803 3856 1999 3921 vitam
2026 3873 2311 3922 nostram
2337 3855 2482 3922 velo

357 3976 423 4030 et
440 3960 646 4026 ventis
665 3960 1080 4039 committere,
1102 3978 1168 4025 et
1181 3958 1354 4050 longi
1373 3958 1612 4024 itineris
1629 3959 1999 4025 innumeras
2019 3959 2285 4049 experiri
2307 3958 2480 4023 diffi-

361 4062 646 4142 cultates,
684 4080 756 4127 ut
779 4060 864 4126 ad
884 4077 1157 4127 vestram
1188 4083 1518 4151 possemus
1538 4060 1869 4152 pervenire
1901 4060 2261 4128 notitiam’.
2277 4109 2322 4125 ..
2338 4108 2354 4125 .

443 4268 502 4323 ¹.
537 4265 624 4320 Ex
651 4261 890 4337 Chesn.,
914 4266 1013 4331 IV,
1050 4264 1183 4321 500.
1207 4264 1432 4320 —Reru
1453 4264 1651 4339 gallic.
1679 4258 1905 4339 script„
1936 4264 2067 4322 XV.
2099 4264 2241 4322 498.

444 4360 504 4415 2.
547 4358 631 4414 Ex
661 4354 896 4432 chesn„
925 4358 1030 4427 lv,
1061 4359 1198 4413 503.
1231 4386 1312 4399 --
1338 4357 1472 4415 Ber.
1495 4356 1639 4431 gall.
1668 4360 1896 4432 script„
1925 4352 2069 4414 ibid.
2100 4387 2181 4400 —
2210 4356 2283 4412 V.
2310 4352 2484 4413 etiam
