3275 5317
1006 577 1130 634 VIE
1172 579 1277 633 DF.
1310 577 1536 639 Lotus
1575 579 1672 636 LE
1713 577 1930 640 GROS.
2447 585 2512 642 51

402 713 608 788 duini
631 766 652 802 ,
710 733 868 808 quae
932 732 1067 781 nec
1122 705 1608 797 haereditario,
1667 709 1794 780 sed
1849 712 2222 795 occasione
2285 714 2520 812 cujus-

402 831 574 903 dam
634 825 1075 899 matrimonii
1134 823 1225 895 de
1282 823 1636 896 comitissa
1689 823 2028 897 Adelaide
2053 881 2074 915 ,
2131 852 2348 924 quam
2410 855 2521 904 re-
2631 905 2638 914 ,

404 960 605 1020 tento
647 951 881 1016 castro
934 956 1247 1039 spretam
1289 940 1714 1038 repudiavit,
1764 941 1859 1012 ad
1914 966 2081 1013 eum
2131 947 2517 1042 spectabat,

400 1086 569 1134 cum
612 1057 1049 1157 quibusdam
1094 1055 1674 1153 curboilensium
1719 1057 2210 1152 conferentes»,
2240 1060 2527 1160 jureju-

398 1174 629 1250 rando
675 1177 751 1246 in
790 1188 1021 1246 castro
1041 1226 1059 1261 ,
1100 1187 1306 1244 caute
1350 1187 1613 1262 tamen,
1656 1197 1778 1245 eos
1827 1175 2138 1272 recipere
2195 1174 2524 1252 firmave-

400 1307 592 1364 runt.
644 1297 977 1379 Quorum
1012 1288 1475 1386 persuasione
1523 1313 1692 1360 cum
1729 1315 1852 1360 rex
1884 1314 2110 1387 pauca
2150 1293 2526 1367 curialium

402 1433 647 1498 manu,
680 1431 777 1478 ne
817 1404 1329 1504 publicaretur,
1361 1403 1848 1495 accelerasset,
1887 1430 2044 1476 sero
2074 1431 2242 1479 cum
2289 1409 2528 1482 adhuc

403 1527 589 1598 circa
617 1524 817 1620 ignes
852 1518 1514 1608 confabularentur,
1553 1523 1678 1617 qui
1705 1520 2050 1618 praemissi
2083 1522 2392 1611 fuerant,
2427 1527 2529 1597 vi-

404 1638 665 1712 delicet
698 1636 1021 1708 Ansellus
1049 1634 1141 1708 de
1169 1634 1524 1706 Garlanda
1550 1638 1567 1678 ⁴
1614 1634 1918 1734 dapifer,
1955 1650 2294 1735 tanquam
2323 1639 2527 1712 miles

404 1772 774 1842 strenuuS,
828 1766 1039 1850 porta
1095 1775 1237 1848 qua
1290 1750 1847 1822 determinatum
1913 1767 2064 1824 erat
2123 1778 2304 1852 pene
2359 1781 2528 1832 cum

402 1870 879 1970 quadraginta
918 1867 1208 1938 armatis
1256 1882 1617 1964 receptuS,
1663 1866 1932 1940 viribus
1976 1893 2136 1941 eam
2176 1896 2528 1972 occupare

406 1985 802 2059 contendit,
840 1987 1109 2055 Verum
1140 1979 1481 2080 oppidani
1512 1982 1878 2054 fremitum
1909 2009 2294 2082 equorum,
2327 1991 2528 2087 equi—

410 2117 573 2174 tum
610 2124 936 2170 murmur
976 2099 1427 2195 inopinatum
1466 2097 1940 2192 admirantes,
1977 2117 2266 2176 econtra
2299 2109 2528 2201 prosi-

409 2216 637 2306 liunt3
668 2231 739 2288 et
769 2216 935 2312 quia
964 2214 1081 2285 via
1112 2214 1311 2286 ostiis
1342 2215 1688 2313 oppositis
1709 2214 2142 2307 arctabatur,
2172 2233 2244 2290 et
2266 2220 2533 2316 ingres-

408 2335 541 2406 sis’
570 2333 665 2405 ad
692 2346 953 2404 nutum
990 2346 1115 2403 aut
1145 2333 1247 2402 ire
1276 2344 1400 2402 aut
1426 2331 1662 2403 redire
1698 2330 2150 2422 prohibebat,
2180 2334 2530 2432 indigenae

408 2475 545 2549 pro
579 2448 863 2521 foribus
901 2446 1315 2520 audaciores
1355 2445 1752 2544 expeditius
1794 2472 1916 2519 eos
1959 2447 2348 2522 caedebant.
2390 2454 2532 2541 Qui

412 2581 487 2637 et
509 2566 743 2637 noctis
783 2564 1266 2637 tenebrarum·
1287 2563 1639 2664 opacitate
1673 2578 1746 2635 et
1779 2562 1921 2636 loci
1951 2566 2292 2637 coarctati
2317 2567 2534 2640 infor-

418 2682 657 2772 tunio,
690 2705 854 2752 cum
886 2680 1233 2752 sustinere
1264 2678 1532 2752 diutius
1569 2703 1720 2750 non
1753 2680 2066 2752 valentes
2100 2697 2386 2779 portam
2420 2709 2532 2755 re—

418 2797 800 2896 petissent,
835 2796 1173 2888 AnselluS,
1212 2811 1294 2868 ut
1341 2811 1493 2868 erat
1526 2795 1928 2886 animosuS,
1967 2798 2422 2872 retrocedens
2462 2816 2537 2874 et

416 2937 662 3004 mmm,
695 2913 861 3012 quia
891 2929 1177 3012 portam
1214 2912 1423 2987 hoste
1466 2915 1894 3012 anticipatus
1938 2939 2086 2986 non
2123 2918 2383 3014 potuit,
2419 2917 2533 2989 in-

412 3045 794 3130 terceptu5‚
827 3031 1085 3102 turrim
1114 3031 1323 3103 castri
1357 3029 1705 3129 ejusdem,
1735 3056 1885 3102 non
1913 3047 1994 3104 ut
2016 3030 2379 3128 dominus,
2407 3034 2535 3107 sed

410 3147 817 3245 captivus⁸,
850 3170 1014 3218 cum
1056 3146 1317 3218 comite
1349 3146 1796 3219 Corboilensi
1829 3150 2223 3244 occupavit.
2257 3154 2347 3220 Et
2381 3150 2534 3249 pari

412 3262 693 3355 dolore,
724 3260 994 3360 dispari
1026 3263 1310 3353 timore,
1339 3287 1506 3334 cum
1531 3263 1712 3335 alius
1740 3278 2076 3353 mortem,
2097 3263 2275 3336 alius
2303 3263 2536 3337 exhae-

411 3377 859 3452 redationem
887 3393 1165 3450 tantum
1194 3380 1539 3471 timeret⁸,
1570 3403 1818 3450 versus
1859 3379 1976 3452 ille
2011 3379 2110 3451 eis
2135 3381 2358 3477 aptari
2393 3405 2537 3478 po-

416 3507 601 3566 terat
638 3523 655 3564 t

862 3689 1341 3712 ........
1388 3651 1607 3708 Solatia
1632 3650 1750 3724 fati

862 3743 1146 3819 Char-tago
1167 3745 1504 3819 Mariusque
1530 3745 1665 3799 tulit
1680 3741 1723 3802 ⁶.

502 3941 558 3999 Ι.
612 3938 899 3996 calcanda
930 3937 1147 3996 12710.

504 4031 543 4088 Ξ
610 4035 897 4106 Ingressis
921 4030 1063 4090 543.
1094 4060 1175 4076 —
1195 4034 1489 4108 Ingressus
1514 4026 1684 4105 reliq.
1713 4027 1889 4091 codd.
1918 4045 1985 4085 ac
2007 4026 2140 4086 edd.
2352 4074 2360 4083 .

506 4126 568 4183 3.
599 4123 903 4183 Tenebrati
920 4127 948 4182 1
961 4127 1037 4184 35
1061 4135 1119 4182 et
1138 4122 1233 4182 ed.
1246 4123 1601 4186 Chesn.—4.
1615 4125 1738 4182 Sed
1750 4137 1812 4180 ut
1827 4128 2078 4199 captivus
2093 4120 2390 4200 corrigunt
2405 4121 2540 4184 edd.

507 4219 568 4279 5.
610 4215 705 4277 Sic
731 4219 759 4274 1
774 4219 849 4275 35
875 4227 935 4275 et
959 4215 1092 4280 edd.
1121 4249 1201 4260 —
1226 4215 1584 4276 Formidaret
1608 4215 1817 4294 reliqui
1840 4228 2092 4293 quatuor
2128 4215 2304 4277 codd.

510 4312 567 4370 6.
612 4312 829 4369 Lucan.
855 4311 1093 4383 Phara,
1123 4310 1225 4374 lib.
1258 4311 1337 4384 11,
1367 4329 1427 4368 v-
1451 4312 1545 4370 91.
