3275 5317
856 536 981 591 le
1022 537 1121 593 DE
1159 535 1379 595 LOUIS
1414 536 1509 593 LE
1548 536 1769 595 GRos.
2253 540 2366 596 145

261 664 415 739 sola
454 666 639 739 linea
675 663 969 737 culcitra
1016 663 1383 738 decubuit.
1446 669 1772 763 Cumque
1832 690 2002 737 eum
2039 663 2132 739 de
2170 681 2370 740 tanto

263 780 647 872 tantillum,
709 782 813 852 et¹
864 780 957 852 de
1018 795 1166 853 tam
1212 780 1361 853 alto
1416 796 1565 853 tam
1621 780 1999 871 humilem,
2051 781 2372 855 humano

261 921 475 969 more
510 921 624 969 me
668 894 931 968 deflere
988 898 1521 995 conspicaretur
1558 924 1578 967 ε
1621 924 1662 966 κ
1695 895 1891 986 Noli,
1935 895 2169 993 inquit
2191 949 2210 987 ,
2255 922 2374 969 ca-

268 1040 305 1079 α
352 1012 627 1084 rissime
664 1012 915 1099 amice,
963 1034 1179 1109 super
1212 1035 1331 1083 me
1360 1010 1652 1103 deflere,
1698 1011 1872 1108 quin
1921 1012 2160 1109 potius
2184 1010 2377 1085 exul-

267 1152 308 1196 «
346 1126 571 1199 tando
613 1125 947 1222 gaudere,
988 1124 1186 1223 quod
1216 1127 1349 1197 Dei
1379 1126 1866 1200 misericordia
1895 1126 2216 1225 praestitit
2253 1150 2374 1199 me

269 1264 307 1305 α
344 1236 421 1307 in
457 1236 607 1332 ejus
639 1258 1046 1327 occursum,
1089 1236 1271 1309 sicut
1294 1236 1517 1327 videS‚
1560 1260 2006 1335 praeparasse.
2043 1266 2080 1305 ιο

366 1348 583 1423 Cum²
609 1364 852 1422 autem
875 1350 1215 1449 paulatim
1233 1350 1327 1423 ad
1348 1351 1913 1425 incolumitatem
1930 1351 2337 1449 respiraret⁸
2351 1402 2374 1443 ,

266 1484 417 1557 quo
466 1462 704 1557 potuit
763 1460 1120 1554 vehiculo,
1166 1485 1393 1562 prope
1446 1461 1874 1535 Milidunum
1933 1462 2030 1535 ad
2078 1460 2379 1535 fluvium

267 1575 639 1669 Sequanae,
694 1572 1239 1647 occurrentibus
1266 1587 1335 1645 et
1380 1572 1974 1645 concurrentibus
2019 1598 2152 1672 per
2189 1573 2378 1645 viam

270 1686 339 1759 ei
389 1684 679 1758 obviam
726 1701 798 1759 et
839 1690 994 1759 Deo
1042 1712 1423 1785 personam
1471 1688 1624 1784 ejus
1677 1687 2374 1779 commendantibus,

270 1824 315 1872 a
345 1800 647 1873 castellis
686 1815 759 1872 et
789 1801 989 1893 viciS,
1029 1817 1099 1875 et
1131 1800 1391 1875 relictis
1420 1802 1694 1892 aratris,
1729 1801 2206 1875 devotissimis
2233 1826 2382 1899 po·-

268 1914 463 2013 pulis
507 1912 769 2011 quibus
814 1938 1065 2012 pacem
1099 1930 1660 2005 conservaverat,
1698 1916 2102 1989 descendit:
2141 1917 2383 2015 sicque

268 2029 374 2103 ob
409 2052 731 2101 amorem
757 2044 1167 2103 sanctorum
1198 2034 1590 2129 Martyrum
1618 2056 1802 2129 quos
1832 2032 2117 2105 visitare
2143 2047 2216 2103 et
2240 2022 2386 2126 grass·

276 2158 390 2216 tes
451 2142 747 2216 reddere
811 2143 1260 2217 desiderabat
1278 2198 1299 2237 ,
1360 2145 1744 2218 deveniens
1802 2146 2164 2236 citissime,
2231 2148 2386 2215 Deo

272 2257 619 2349 donante,
674 2283 891 2356 eques
930 2259 1023 2332 ad
1068 2284 1191 2331 eos
1234 2260 1585 2357 pervenit.
1640 2260 1786 2347 Qui
1825 2284 1870 2329 a
1920 2256 2264 2331 fratribus
2317 2270 2390 2329 et

269 2397 461 2473 pene
498 2388 646 2446 tota
676 2376 904 2473 patria
939 2388 1285 2471 tanquam
1334 2374 1692 2471 piissimus
1733 2373 2042 2445 ecclesiae
2079 2386 2284 2471 pater
2319 2386 2392 2444 et

273 2503 349 2561 et
388 2487 649 2561 nobilis
694 2488 1034 2562 defensor
1062 2487 1472 2559 solemniter
1500 2502 1574 2560 et
1598 2485 2054 2560 devotissime
2101 2512 2386 2585 suscep-

268 2618 416 2695 tus,
484 2602 947 2674 sanctissimis
998 2599 1427 2699 Martyribus
1496 2600 1900 2674 humillime
1959 2616 2386 2699 prostratuS,

266 2719 555 2789 votivas
592 2739 731 2813 pro
778 2716 1116 2813 impensis
1143 2714 1511 2787 beneficiis
1542 2730 1614 2788 et
1665 2716 1958 2789 devotas
2009 2716 2392 2812 gratiarum

266 2831 603 2903 actiones
654 2828 1165 2926 lachrymando
1229 2829 1595 2927 persolvit,
1662 2845 1734 2903 et
1795 2846 1875 2902 ut
1935 2830 2270 2929 deinceps
2326 2830 2392 2902 ei

266 2944 712 3046 provideant
748 2944 1155 3017 humillime
1188 2944 1691 3043 interpellavit.
1728 2949 2054 3044 Cumque
2077 2961 2391 3043 castrum

270 3060 777 3133 Bestisiacum‘
802 3060 1259 3157 pervenisset,
1286 3058 1609 3133 celeriter
1639 3060 1996 3133 subsecuti
2028 3077 2192 3134 sunt
2223 3086 2390 3133 eum

271 3177 530 3249 nuncii
575 3175 939 3249 Guillelmi
980 3174 1180 3249 ducis
1224 3175 1634 3272 Aquitaniae,
1674 3176 2180 3251 denunciantes
2209 3203 2388 3251 eun-

276 3290 455 3363 dem
486 3290 745 3364 ducem
770 3288 865 3362 ad
896 3304 1221 3362 sanctum
1269 3294 1305 3360 J
1309 3287 1619 3362 acobum
1653 3314 1942 3388 peregre
1985 3291 2392 3390 profectum

276 3407 359 3479 in
390 3405 504 3478 via
532 3406 983 3502 demigrasse,
1022 3404 1150 3478 sed
1181 3419 1569 3501 antequam
1606 3407 1741 3478 iter
1760 3406 2285 3501 aggrederetur,
2323 3417 2396 3475 et

281 3522 507 3593 etiam
537 3523 611 3594 in
635 3522 889 3594 itinere
912 3520 1253 3611 moriem,
1286 3518 1507 3592 filiam
1536 3520 2056 3594 nobilissimam
2082 3517 2395 3616 puellam

280 3633 582 3705 nomine
634 3631 921 3705 Alienor
944 3634 967 3670 ⁸
1024 3630 1595 3729 desponsandam
1624 3687 1646 3724 ‚
1709 3646 2076 3727 totamque
2132 3643 2395 3700 terram

281 3770 494 3819 suam
544 3747 781 3820 eidem
834 3745 1277 3822 retinendam
1319 3761 1391 3819 et
1437 3744 1867 3818 deliberasse
1895 3760 1967 3816 et
2019 3742 2390 3819 dimisisse.

368 3954 401 4012 1
417 3996 435 4014 .
459 3956 540 4013 Bt
568 3951 728 4013 deest
754 3952 817 4012 in
838 3950 1008 4014 codd.
1043 3954 1159 4013 543
1186 3970 1253 4011 ac
1276 3954 1497 4014 12710.

367 4046 434 4107 2.
467 4052 689 4107 V1111·
703 4050 866 4105 lectio
886 4045 949 4105 in
978 4046 1112 4106 cod.
1140 4048 1255 4106 543
1274 4043 1558 4123 margine.
1588 4046 1729 4121 Quae
1753 4042 1926 4105 lectio
1957 4043 2096 4105 inde
2120 4043 2198 4105 ad
2217 4042 2396 4103 finem

284 4138 429 4201 libri
458 4138 842 4218 protenditur.
874 4173 955 4186 —
996 4142 1055 4201 3.
1086 4144 1439 4218 Respirasset
1465 4140 1688 4201 12710.

372 4236 436 4293 4.
483 4238 648 4294 Nunc
670 4236 917 4308 Bethisy
939 4232 1156 4314 (Ot‘se).
1185 4264 1267 4279 -
1288 4232 1352 4296 5.
1375 4236 1571 4292 Ααπον
1602 4234 1718 4293 5123
1747 4242 1808 4291 et
1833 4232 2055 4291 12710.

2090 4336 2164 4395 10
