3275 5317
632 538 734 594 DE
774 538 872 593 LA
912 524 1469 595 CONSECRATION
1504 538 1603 594 DE
1647 538 2138 597 sium-nmis,
2341 543 2450 599 231

345 692 501 740 non
544 690 624 740 ex
689 668 1067 759 accidenti,
1127 669 1310 740 sicut
1372 668 1463 740 de
1502 666 1766 740 talibus
1803 668 2128 765 judicant
2179 672 2305 768 qui
2353 671 2460 743 illi

343 784 808 858 consentiunt
842 798 1069 875 sectae,
1127 783 1457 858 videlicet
1490 782 1691 883 quod

1463 945 1626 1005 Foris
1663 945 1883 1005 incerta
1911 958 2174 1027 vagatur,

666 1043 916 1119 Fertque
938 1043 1228 1121 refertque
1257 1040 1435 1121 vices,
1460 1054 1519 1102 et
1544 1041 1758 1101 habent
1784 1042 2050 1101 mortalia
2071 1062 2234 1102 casus
2249 1041 2269 1078 ¹
2285 1086 2302 1118 ,

347 1175 478 1248 sed
507 1173 751 1246 divina
798 1174 1191 1271 largitione,
1218 1200 1375 1272 quae
1408 1176 1480 1247 in
1515 1200 1589 1247 se
1617 1174 2068 1273 sperantibus
2085 1172 2360 1270 magnis
2392 1187 2462 1245 et

344 1290 586 1388 parvis
626 1290 699 1360 in
732 1290 1073 1362 omnibus
1122 1287 1456 1389 providet
1498 1290 1901 1379 affluenter,
1948 1303 2021 1361 et
2058 1314 2217 1387 quae
2252 1289 2464 1361 novit

343 1404 727 1503 profutura
759 1403 1234 1477 administrat.
1274 1407 1452 1477 Cum
1482 1406 1674 1477 enim
1714 1403 2028 1502 quadam
2065 1403 2183 1475 die
2217 1402 2307 1475 de
2334 1428 2460 1501 ap—

348 1536 596 1619 paratu
628 1522 971 1620 proximae
996 1522 1549 1594 consecrationis
1580 1522 1819 1613 curiae,
1867 1520 2034 1619 quia
2079 1522 2464 1593 maximam

346 1635 505 1708 fore
535 1635 1149 1734 praestolabamur,
1178 1652 1251 1708 et
1286 1661 1452 1709 cum
1493 1637 1742 1708 amicis
1777 1650 1848 1707 et
1876 1633 2462 1712 ministerialibus

348 1766 422 1821 et
449 1750 701 1823 villicis
722 1752 983 1824 nostris
1006 1777 1402 1849 ageremus,
1439 1768 1509 1823 et
1534 1777 1668 1850 pro
1685 1767 2094 1851 temporum
2121 1751 2462 1847 gravitate

352 1872 629 1964 (mense
663 1867 855 1937 enim
880 1867 1087 1963 junio
1126 1892 1309 1966 pene
1344 1868 1585 1939 omnia
1617 1868 1952 1940 victualia
1999 1892 2164 1940 cara
2217 1870 2452 1959 erant)

352 1980 443 2051 de
486 1980 637 2052 aliis
686 1980 914 2052 fauste
959 1982 1124 2053 satis
1174 1981 1760 2079 providissemu8‚
1825 1981 1968 2054 hoc
2033 2007 2166 2054 nos
2223 1982 2462 2054 solum

350 2096 659 2190 graviter
713 2094 1151 2188 offendebat,
1220 2096 1419 2194 quod
1464 2120 1712 2167 carnes
1769 2097 2124 2184 arietinas,
2168 2110 2465 2194 propter

352 2211 598 2283 ovium
628 2236 785 2309 quae
813 2211 1072 2283 eodem
1102 2236 1295 2283 anno
1330 2209 1708 2283 extiterant
1751 2212 2190 2301 morticinia,
2240 2214 2462 2281 Aure-

349 2326 645 2399 lianensi
674 2352 859 2425 pago
902 2342 975 2399 et
1004 2350 1253 2400 versus
1292 2325 1773 2422 Burgundiam
1819 2328 2194 2424 quaeritare
2238 2350 2461 2425 opor-

349 2458 554 2515 teret.
593 2446 921 2539 Cumque
954 2442 1149 2514 mille
1182 2441 1475 2531 solidos,
1526 2456 1652 2513 aut
1704 2455 2054 2538 quantum
2096 2456 2465 2541 oporteret

350 2557 448 2631 ob
480 2558 621 2629 hoc
656 2556 825 2627 illuc
856 2556 1311 2654 pergentibus
1342 2556 1499 2628 dari
1530 2558 1860 2651 graviter,
1899 2582 1991 2629 ne
2024 2555 2224 2629 tarde
2275 2555 2460 2628 redi·

349 2687 539 2761 rent,
576 2672 743 2767 quia
791 2695 949 2743 sero
995 2672 1459 2770 incoeperant,
1508 2672 2061 2770 praecepissem’,
2121 2686 2460 2769 sequente

350 2811 592 2884 mane,
627 2811 794 2859 cum
826 2785 918 2859 de
950 2787 1307 2859 camerula
1344 2804 1587 2860 nostra
1626 2788 1720 2860 ad
1754 2788 1977 2861 sancti
2021 2786 2349 2861 sacrificii
2375 2810 2458 2857 ex

349 2901 866 2974 consuetudine
904 2902 1377 2974 accelerarem
1410 2904 1992 2994 celebrationem,
2032 2902 2270 2975 subito
2297 2902 2458 2999 qui-

352 3018 519 3090 dam
566 3016 656 3089 de
688 3018 1028 3090 fratribus
1063 3017 1245 3090 albis
1286 3019 1686 3092 monachus
1732 3019 2161 3091 renitentem
2201 3015 2293 3089 ad
2344 3042 2460 3090 ca-

349 3156 625 3204 meram
657 3157 775 3205 me
808 3132 1133 3206 retrahit.
1179 3138 1265 3205 In
1296 3160 1513 3231 quem
1540 3135 2077 3233 aliquantisper,
2117 3134 2284 3231 quia
2328 3158 2464 3205 nos

350 3274 393 3320 a
409 3264 604 3321 tanto
625 3249 1067 3347 impediebat
1088 3274 1334 3348 opere,
1366 3265 1799 3343 commotus,
1825 3274 1992 3322 cum
2011 3249 2250 3321 minus
2273 3247 2465 3321 bene

350 3364 915 3462 respondissem:
941 3364 1438 3455 «Audivimu5‚
1465 3368 1722 3464 inquit,
1755 3366 2047 3439 domine
2071 3370 2304 3455 Pater,
2334 3388 2464 3434 vos
2543 3353 2548 3359 ’

354 3479 444 3551 ad
471 3480 855 3553 instantem
887 3482 1437 3554 consecrationis
1466 3497 1710 3554 vestrae
1735 3481 2262 3553 solemnitatem
2293 3478 2466 3547 arie-

354 3595 517 3665 tinis
559 3596 895 3667 carnibus
950 3595 1312 3691 indigere3
1370 3610 1441 3667 et
1483 3596 1652 3667 inde
1715 3621 1755 3666 a
1807 3593 2148 3666 fratribus
2201 3592 2461 3663 nostris

356 3709 607 3781 missus
637 3709 939 3782 arietum
984 3735 1270 3807 gregem
1323 3713 1716 3782 maximum
1763 3708 2170 3780 Paternitati
2215 3722 2464 3781 vestrae

356 3824 665 3916 adducO,
700 3840 785 3896 ut
836 3826 1031 3921 quod
1068 3825 1276 3898 vobis
1314 3825 1662 3924 placuerit
1697 3823 2086 3911 retineatis,
2140 3838 2210 3895 et
2268 3824 2466 3920 quod

354 3964 501 4011 non
532 3940 881 4039 placuerit
905 3940 1117 4047 nobis
1149 3942 1544 4014 dimittatis,
1592 3969 1629 4007 2>
1668 3944 1830 4026 Quo
1863 3938 2137 4032 audite,
2170 3955 2254 4012 ut
2304 3954 2468 4037 post

434 4159 494 4215 1.
524 4157 767 4229 Pharan,
794 4158 873 4229 11,
902 4158 1000 4215 13.

426 4252 485 4307 2.
512 4253 913 4329 Proecepissent
931 4249 1022 4312 ed.
1055 4250 1263 4325 Chesn,
1288 4251 1446 4329 quod
1474 4250 1748 4309 mendum
1777 4263 2071 4331 putamus.
