3275 5317
1167 575 1525 635 CHARTES.
2304 584 2377 643 3³
2381 586 2419 643 3

302 706 455 793 nio,
518 704 647 777 sed
721 704 1087 805 emptione
1161 706 1537 804 cujusdam
1606 706 1868 781 domus
1927 724 2000 781 et
2063 709 2419 809 positione

300 818 705 913 stallorum,
740 818 833 891 de
864 816 1128 917 quibus
1159 818 1277 892 hic
1312 844 1565 893 census
1590 820 2163 916 irrefragabiliter
2193 820 2418 895 debe-

301 948 443 1007 tur.
482 937 1043 1008 Commonemus
1094 950 1335 1008 autem
1380 951 1455 1009 et
1490 936 1928 1009 consulimus
1967 936 2302 1009 fratribus
2343 938 2413 1010 in

301 1048 544 1123 officio
583 1049 989 1147 agentibus,
1040 1052 1401 1149 quatinuS,
1458 1066 1719 1151 praeter
1749 1076 1832 1125 ea
1876 1076 2036 1149 quae
2083 1052 2178 1125 ad
2223 1068 2418 1125 exte-

300 1164 573 1237 riorem
606 1182 957 1239 terrarum
989 1192 1237 1239 curam
1280 1166 1643 1265 pertinere
1671 1182 1981 1266 oportet,
2014 1170 2420 1242 usumfruc-

302 1295 463 1352 tum
536 1282 755 1355 totius
805 1283 1291 1381 praepositurae
1346 1282 1648 1359 fratrum
1721 1282 2261 1357 necessitatibus
2309 1309 2425 1357 ex·

300 1394 605 1494 pendat¹
626 1450 645 1487 ,
708 1421 842 1469 nec
916 1397 1154 1496 aliqua
1238 1397 1306 1469 ei
1376 1399 1658 1470 occasio
1749 1413 1872 1471 aut
1951 1399 2424 1473 emendorum

300 1510 691 1609 palliorum
740 1527 861 1584 aut
918 1512 1229 1586 aliorum
1262 1520 1858 1586 ornamentorum
1895 1512 2263 1613 subrepat,
2297 1516 2423 1590 sed

302 1625 619 1699 totaliter
682 1628 984 1701 fratrum
1042 1627 1579 1702 necessitatibus
1655 1644 2078 1703 reservetur.
2143 1630 2423 1718 Quibus

302 1742 524 1815 etiam
539 1742 889 1816 debilitati
910 1759 983 1817 et
1000 1745 1365 1818 seniorum
1380 1744 2052 1837 condescendendo,
2070 1745 2167 1817 ad
2180 1745 2426 1819 calefa-

303 1855 648 1931 ciendum
672 1883 821 1951 eos,
853 1884 1002 1957 quo
1034 1858 1243 1932 valde
1264 1858 1593 1956 egebant,
1619 1876 2144 1934 tensamentum
2169 1866 2426 1935 Garso·

303 1973 421 2045 nis
440 1974 641 2047 villae
657 1990 1017 2065 nostrum,
1041 1975 1167 2073 qui
1198 1974 1291 2047 de
1316 1976 1469 2074 ipsa
1501 1976 1662 2048 villa
1683 2000 1936 2049 eorum
1963 1991 2145 2068 erat,
2176 1978 2242 2049 ei
2273 2002 2427 2077 per-

302 2077 530 2188 petuo
617 2104 1015 2163 anatemate
1093 2089 1702 2164 confirmavimus.

405 2211 659 2301 Porro,
708 2208 1051 2306 quoniam
1088 2207 1457 2307 parvitatis
1496 2223 1760 2280 nostrae
1791 2210 2218 2283 memoriam
2253 2235 2425 2308 prae-

304 2324 621 2396 sentium
658 2338 731 2395 et
754 2322 1165 2395 futurorum
1205 2324 1504 2395 fratrum
1536 2322 1905 2397 dilectioni
1944 2324 2216 2423 absque
2245 2351 2423 2425 prae·

304 2438 732 2512 cedentibus
785 2440 1055 2512 meritis
1105 2437 1366 2511 obnixe
1408 2439 2036 2533 commendamus,
2085 2455 2166 2513 ut
2217 2440 2426 2515 saluti

306 2554 563 2627 animae
632 2569 892 2628 nostrae
971 2554 1336 2654 proficiat,
1396 2578 1633 2651 operae
1707 2554 2020 2651 pretium
2093 2555 2424 2628 duximus

308 2669 829 2768 imperatorum
865 2686 936 2743 et
976 2670 1335 2766 majorum
1376 2684 1828 2759 nostrorum,
1872 2671 1997 2768 qui
2048 2694 2164 2743 eas
2201 2670 2426 2743 multa

306 2784 768 2880 liberalitate,
812 2786 1005 2883 larga
1056 2784 1547 2859 munificentia
1596 2800 2016 2858 meruerunt
2068 2785 2260 2877 fieri,
2316 2784 2428 2859 vel

308 2901 543 2975 multo
580 2918 989 3002 temporum
1025 2902 1385 2976 curriculo
1419 2902 1684 3000 sopitas
1708 2902 1803 2976 ad
1835 2903 2136 2977 salutem
2168 2904 2432 2979 anima·

310 3044 478 3095 rum
519 3022 856 3094 suscitare
894 3036 968 3093 et
1014 3020 1403 3093 informare
1446 3020 1860 3115 memoriaS,
1895 3019 2084 3094 inter
2111 3046 2292 3121 quas
2321 3021 2428 3094 in-

310 3136 481 3234 clyti
523 3152 599 3209 et
639 3120 1063 3209 nobilissimi
1108 3119 1557 3235 imperatoris
1586 3136 1830 3208 Karoli
1857 3137 2044 3209 tertii
2077 3138 2432 3212 solemnes

308 3251 696 3323 memorias
724 3274 1045 3323 recreare
1076 3264 1147 3321 et
1173 3250 1541 3323 restituere
1571 3249 1714 3323 hoc
1745 3250 1966 3324 modo
1994 3254 2426 3325 censuimus.

306 3365 569 3438 Modus
609 3380 851 3438 autem
892 3364 1085 3438 idem
1124 3379 1231 3437 est
1262 3365 1388 3463 qui
1430 3366 1507 3437 in
1542 3380 1970 3440 testamento
2007 3368 2429 3467 imperialis'

308 3481 722 3554 continetur
736 3480 1145 3578 majestatis,
1168 3505 1258 3553 eo
1282 3479 1615 3553 videlicet
1644 3507 1792 3579 quo
1823 3483 2173 3578 gloriosus
2201 3483 2428 3577 impe-

312 3610 513 3669 rator
560 3595 881 3669 nobilem
931 3595 1183 3669 villam
1244 3594 1575 3667 Ruoilum
1628 3620 1798 3669 cum
1833 3594 2281 3695 appendiciis
2313 3594 2427 3665 sui

310 3725 386 3783 et
424 3736 772 3809 aquarum
819 3713 1095 3784 forestae
1139 3714 1355 3784 Beato
1400 3711 1745 3807 Dionysio
1784 3710 1973 3805 regia
2011 3707 2434 3782 liberalitate

310 3825 641 3901 contulit.
691 3826 1075 3900 Constituit
1116 3822 1470 3923 siquidem
1512 3821 1758 3895 nobile
1773 3876 1794 3913 ,
1839 3836 1913 3893 et
1961 3818 2164 3920 quod
2202 3822 2432 3923 impe-

312 3956 628 4013 ratorem
663 3940 961 4017 decebat
990 3940 1449 4015 mandatum:
1482 3936 1682 4038 quod
1708 3936 1903 4011 idem
1931 3937 2127 4037 apud
2153 3939 2331 4011 alios
2359 3954 2432 4011 et

313 4054 410 4129 de
449 4055 605 4129 aliis
634 4056 919 4153 regibus
955 4056 1135 4131 solet
1162 4054 1379 4129 recoli
1407 4054 1698 4153 singulis
1723 4055 1926 4128 annis
1956 4053 2110 4128 dies
2144 4053 2426 4154 deposi-

399 4307 462 4365 1.
488 4301 583 4365 Sic
606 4302 807 4365 charta
828 4302 975 4385 orig.
1011 4314 1069 4367 et
1091 4302 1230 4366 edd.
1278 4333 1358 4350 —
1412 4308 1471 4365 2.
1514 4306 1834 4383 Imperiali,
1869 4300 2166 4374 mendose,
2210 4299 2344 4361 edd.

2114 4410 2194 4467 23
