3275 5317
1122 377 1245 433 vm
1286 376 1387 433 DF,
1426 377 1669 437 SUGER
1681 418 1700 439 .
2348 386 2464 441 389

350 507 513 599 dm,
545 522 616 579 et
644 507 941 603 diligens
966 514 1075 581 sui
1106 506 1428 581 custodia
1465 506 1559 579 ad
1615 524 2054 583 senectutem
2083 536 2279 604 eum,
2310 518 2464 587 Deo

342 624 665 721 juvante,
725 624 1127 723 produxit¹.
1164 623 1381 695 Cibus
1436 624 1623 695 illius
1675 648 1811 697 nec
1871 628 2039 699 satis
2097 626 2277 719 vilis,
2334 654 2466 702 nec

349 740 517 812 satis
594 742 1008 838 exquisitus,
1080 744 1465 837 Nunquam
1550 740 1643 811 de
1729 740 2065 838 qualitate
2147 759 2469 818 causatus

348 870 483 944 est,
551 880 923 953 nunquam
952 854 1046 927 de
1082 868 1461 953 apparatus
1500 879 1778 950 genere.
1833 860 1938 929 De
1978 857 2268 953 singulis
2307 884 2467 957 quae

346 970 895 1069 apponebantur
946 970 1047 1042 illi
1098 970 1471 1043 modicum
1505 969 1680 1067 quid
1713 971 2186 1069 praegustabat
2234 998 2250 1044 :
2299 975 2466 1046 reli-

348 1110 579 1184 quum
638 1085 1162 1159 transmittebat
1216 1084 1676 1183 pauperibuS,
1743 1088 1894 1158 sine
1955 1086 2219 1183 quibus
2277 1114 2463 1161 nun-

350 1224 575 1299 quam
624 1200 828 1273 illum
877 1201 1025 1273 vidi
1074 1199 1299 1273 refici.
1346 1204 1485 1271 Esu
1541 1202 1866 1273 carnium
1924 1227 2293 1301 nunquam
2363 1219 2470 1277 est

350 1342 549 1407 usuS‚
587 1316 723 1389 nisi
758 1341 925 1388 cum
953 1315 1160 1386 illum
1197 1314 1517 1413 corporis
1552 1316 1892 1411 coegisset
1936 1317 2338 1411 infirmium,
2395 1334 2469 1407 et

353 1432 763 1503 amicorum
820 1430 1207 1503 auctoritas
1268 1430 1757 1527 compulisset.
1803 1432 2062 1503 Vinum
2119 1458 2265 1504 non
2312 1458 2470 1529 gus-

350 1546 579 1637 tabat,
610 1547 746 1618 nisi
772 1548 968 1644 prius
994 1570 1255 1644 aquam
1296 1545 1687 1641 largissime
1717 1546 2141 1621 miscuisset.
2179 1551 2466 1623 AEstatis

344 1686 525 1735 vero
563 1676 886 1759 tempore
916 1684 1176 1759 aquam
1212 1684 1469 1758 puram
1499 1661 1824 1733 crebrius
1849 1660 2251 1736 hauriebat.
2289 1666 2458 1755 Qui,

346 1800 523 1849 cum
553 1774 977 1847 multimoda
1008 1776 1393 1871 gratiarum
1422 1774 1780 1847 obtineret
1809 1801 2092 1871 genera,
2123 1803 2273 1851 uno
2305 1793 2464 1852 tan-

346 1907 507 1965 tum
560 1892 789 1962 caruit
845 1914 1173 1981 munere,
1220 1888 1419 1986 quod
1468 1904 1838 1988 assumpto
1881 1892 2226 1987 regimine
2289 1918 2472 1965 nun·

342 2030 571 2103 quam
592 2006 925 2105 apparuit
952 2006 1282 2104 pinguior
1301 2028 1521 2102 quam
1548 2006 1868 2102 privatus
1894 2008 2220 2079 extiterat
2249 2034 2268 2080 ε
2298 2032 2462 2079 cum

345 2121 463 2193 alii
504 2123 649 2193 fere
683 2146 937 2195 omnes
972 2121 1431 2215 quantumvis
1456 2134 1662 2191 antea
1700 2120 1966 2193 fuerint
1996 2136 2270 2211 tenueS‚
2301 2139 2468 2221 post

348 2260 701 2308 manuum
716 2238 955 2309 statim
981 2235 1512 2333 impositionem
1530 2232 1780 2305 buccis
1804 2248 1878 2306 et
1894 2250 2168 2328 ventre,
2187 2260 2280 2309 ne
2303 2262 2464 2311 cor-

346 2350 439 2423 de
496 2350 829 2439 dixerim,
885 2350 1161 2422 soleant
1212 2348 1664 2446 impinguari.
1723 2349 1938 2419 Omni
1977 2364 2301 2448 tempore
2349 2351 2463 2424 vel

344 2466 605 2537 aestatis
632 2466 743 2537 vel
763 2466 1047 2547 hiemis,
1065 2463 1409 2560 quoniam
1440 2487 1698 2534 somno
1721 2478 2102 2537 contentus
2131 2481 2281 2537 erat
2307 2465 2464 2538 bre-

342 2582 666 2665 vissim0‚
718 2595 883 2678 post
916 2604 1195 2651 coenam
1233 2592 1355 2649 aut
1383 2576 1691 2673 legebat,
1744 2593 1869 2651 aut
1909 2579 2262 2675 legentem
2299 2581 2461 2653 diu·-

340 2696 491 2767 tius
546 2694 905 2784 audiebat,
964 2707 1089 2765 aut
1144 2693 1598 2767 considentes
1661 2692 2000 2790 exemplis
2065 2694 2462 2771 instruebat

344 2808 769 2881 illustribus.
840 2809 1079 2882 Lectio
1118 2807 1414 2905 quidem
1462 2821 1614 2878 erat
1647 2807 1739 2878 de
1771 2805 1970 2881 libris
2011 2814 2303 2883 Patrum
2333 2838 2466 2885 au-

345 2924 672 3016 tenticis3
706 2923 1094 3022 aliquando
1128 2922 1221 2996 de
1252 2922 1738 2995 ecclesiasticis
1785 2922 2048 3019 aliquid
2095 2925 2464 3023 legebatur

342 3038 683 3112 historiis.
730 3038 1076 3111 Narrabat
1100 3062 1297 3128 vero,
1345 3052 1425 3107 ut
1456 3051 1609 3109 erat
1634 3037 2220 3131 jocundissimus,
2267 3066 2462 3113 nunc

348 3178 503 3243 sua,
564 3178 757 3226 nunc
804 3153 1147 3242 aliorum,
1214 3176 1369 3249 quae
1417 3150 1530 3223 vel
1587 3152 1878 3225 vidisset
1940 3153 2048 3225 vel
2105 3154 2464 3225 didicisset

345 3286 539 3365 gesta
582 3272 903 3343 virorum
970 3270 1285 3357 fortium,
1350 3268 1778 3366 aliquotiens
1816 3293 2042 3364 usque
2087 3266 2180 3337 ad
2233 3270 2462 3339 noctis

342 3386 712 3476 medium3
752 3386 995 3482 sicque
1023 3384 1395 3456 modicum
1427 3380 1838 3479 quiescebat
1873 3385 1947 3452 in
1976 3379 2218 3470 cubili,
2259 3383 2460 3477 quod

346 3524 481 3573 nec
510 3502 725 3573 nimis
755 3514 935 3572 esset
976 3498 1381 3589 horridum,
1412 3521 1547 3569 nec
1592 3496 1764 3567 satis
1805 3494 2220 3567 delicatum.
2269 3497 2460 3570 Illud

344 3614 751 3689 declinabat
781 3636 1267 3712 summopere,
1306 3636 1398 3683 ne
1428 3610 1818 3707 quicquam
1855 3632 2064 3704 agere
2095 3609 2460 3684 videretur

346 3730 543 3829 quod
590 3731 665 3802 in
710 3727 964 3802 habitu
1013 3729 1121 3801 vel
1174 3728 1333 3799 vitae
1382 3748 1640 3820 genere
1690 3738 2060 3823 appareret
2109 3724 2452 3798 notabile.

343 3851 521 3922 Viro
552 3850 819 3947 quippe
852 3848 1054 3921 bono
1083 3846 1607 3919 simulationem
1629 3842 1998 3942 judicabat
2043 3840 2452 3937 indignam3

428 4102 455 4156 1
476 4144 489 4159 .
519 4100 799 4156 Perduaeit
824 4096 956 4155 edd.
