3275 5317
812 598 925 657 με
1248 594 1573 653 (Ευνιιεε
1611 580 2043 653 οοΜΡιΕτΕε
2083 596 2184 652 m:
2227 594 2495 655 suom.

809 728 1073 802 comite
1105 732 1432 823 Hugone‚
1480 751 1648 799 cum
1679 751 1763 799 ex
1805 726 2254 825 abjuratione
2275 730 2294 767 ¹
2331 726 2642 799 Franciae
2685 725 2914 824 (guer-

809 869 966 918 ram
998 844 1193 917 enim
1232 844 1381 940 regi
1410 867 1579 915 cum
1609 842 1964 915 avunculo
2003 866 2167 939 rege
2205 842 2498 939 Anglico
2537 842 2916 940 inferebat)

802 959 1249 1033 adventasset
1273 960 1297 995 ²
1316 1014 1335 1051 ,
1392 974 1722 1057 quartam
1777 957 2143 1050 efficiens3
2219 959 2548 1057 quintam
2609 964 2918 1055 Burgun-

806 1074 1349 1149 diorum⁸ducis
1381 1089 1453 1147 et
1494 1075 1947 1146 Nivernensis
1979 1075 2286 1167 comitiS,
2318 1076 2655 1173 praeviam
2683 1075 2852 1147 fecit
2865 1076 2908 1145 ⁸.

808 1196 1062 1265 Comes
1104 1216 1277 1265 vero
1326 1192 1641 1288 egregius
1693 1190 2270 1263 Viromandensis
2323 1189 2666 1264 Radulfus
2687 1244 2707 1282 ,
2764 1213 2912 1285 ger-

808 1333 1020 1381 mana
1047 1308 1229 1407 regis
1265 1305 1880 1402 consanguinitate
1907 1308 2356 1405 conspicuus,
2397 1308 2674 1405 optima
2705 1305 2916 1377 fietus

806 1423 1084 1514 militia,
1128 1422 1499 1521 multoque
1533 1421 2140 1509 Sancti-Quintini
2171 1436 2244 1493 et
2276 1422 2499 1494 totius
2539 1437 2769 1514 terrae,
2811 1444 2914 1491 ar-

808 1556 1004 1613 mato
1066 1556 1215 1614 tam
1277 1540 1518 1613 loricis
1566 1566 1788 1640 quam
1833 1540 2045 1637 galeis
2089 1542 2438 1633 exercitu,
2491 1565 2726 1613 cornu
2760 1540 2894 1613 dex

806 1683 1001 1740 trum
1022 1690 1436 1738 conservare
1469 1666 1912 1757 destinatus⁸,
1945 1666 2280 1739 Pontivos
2311 1682 2384 1738 et
2409 1664 2918 1738 Ambianenses

806 1797 879 1854 et
908 1781 1359 1853 Belvacenses
1396 1783 1470 1855 in
1502 1782 1785 1854 sinistro
1830 1782 2164 1854 constitui
2213 1781 2644 1880 approbavit
2675 1782 2723 1853 ⁸.
2781 1784 2919 1853 No-

804 1895 1186 1968 bilissimus
1255 1897 1470 1968 etiam
1539 1922 1782 1970 comes
1855 1902 1908 1967 F
1908 1896 2301 1968 landrensis
2323 1900 2371 1988 ⁸¹,
2449 1922 2618 1969 cum
2672 1895 2922 1969 decem

805 2012 1123 2083 millibus
1154 2011 1462 2084 militum
1503 2011 2183 2110 pugnatissimorum
2221 2012 2702 2111 (triplicasset⁸
2733 2037 2926 2084 exer-

809 2128 1033 2201 citum
1046 2186 1067 2219 ,
1125 2129 1184 2200 si
1242 2129 1661 2227 tempestive
1721 2128 1990 2225 scisset)
2038 2144 2352 2200 extrema
2398 2130 2550 2200 acie
2597 2127 2691 2200 ad
2724 2152 2924 2226 pera-

809 2243 1130 2340 gendum
1177 2242 1670 2316 ordinabatur.
1733 2243 1860 2315 His
1906 2258 2148 2316 autem
2203 2245 2528 2317 locorum
2584 2244 2929 2317 affinitate

808 2360 1257 2459 propinquus
1282 2359 1429 2431 dux
1455 2359 1846 2457 Aquitaniae
1867 2359 2320 2453 GuillelmuS,
2334 2385 2579 2433 comes
2609 2362 2927 2459 egregius

814 2477 1185 2549 Britanniae
1210 2530 1231 2567 ‚
1312 2499 1553 2548 comes
1646 2474 2029 2547 bellicosus
2118 2478 2335 2550 Fulco
2404 2477 2928 2575 Andegavensis

890 2738 919 2793 1
936 2774 952 2793 .
994 2733 1085 2793 Sic
1126 2733 1261 2795 edd.
1298 2732 1507 2793 Chesn.
1548 2744 1608 2793 et
1643 2732 1942 2794 Benedict.
1970 2765 2053 2781 —
2080 2737 2419 2807 Ajuracione
2464 2746 2583 2794 tres
2637 2734 2810 2799 codd.
2847 2768 2928 2784 -—

812 2830 1190 2901 Adjuraeione
1214 2828 1395 2890 6265.

892 2926 953 2981 2.
988 2924 1059 2979 In
1104 2920 1216 2980 hoc
1250 2919 1750 2998 San-Dionysiam
1789 2919 1988 2979 codice
2012 2918 2198 3000 (543),
2233 2920 2332 3000 qui
2361 2920 2526 2981 nobis
2571 2921 2728 2981 idem
2769 2922 2934 2985 vide-

812 3027 909 3074 tur
935 3033 1002 3071 ac
1030 3012 1128 3074 ille
1160 3033 1335 3091 quem
1371 3013 1668 3074 contulere
1694 3011 2074 3087 Benedictini,
2105 3013 2391 3074 recentior
2423 3014 2660 3092 quidam
2701 3016 2928 3093 glossa-

812 3119 907 3167 tor
918 3105 1135 3186 praevio
1148 3106 1373 3165 monitu
1391 3126 1522 3166 suas
1540 3107 1958 3179 annotationes,
1987 3106 2072 3167 uti
2089 3127 2164 3167 ex
2181 3108 2293 3166 alio
2317 3108 2594 3167 chronico
2617 3120 2928 3186 mutuataS,

814 3197 897 3257 sic
926 3198 1325 3256 commendat:
1356 3204 1530 3271 Nota,
1565 3220 1695 3273 cet-y
1716 3214 1800 3258 est
1827 3198 2310 3278 d'augmentation
2333 3204 2446 3259 tire'
2467 3202 2570 3258 des
2600 3203 2932 3279 chroanues
2985 3223 2992 3227 ·

814 3296 888 3351 de
927 3296 1163 3370 Sugger.
1204 3292 1452 3367 Deinde,
1474 3292 1645 3375 juxta
1676 3294 1921 3355 verbum
1959 3298 2316 3354 adventasset
2333 3341 2349 3369 ,
2397 3296 2561 3356 addit
2587 3315 2608 3360 ε
2639 3300 2784 3359 Cum
2811 3312 2930 3357 octo

811 3384 1066 3453 milibuS,

896 3482 953 3539 3.
985 3480 1066 3537 Ut
1092 3479 1289 3558 supra.

893 3577 953 3632 4.
1003 3577 1148 3650 Quoe
1206 3574 1397 3630 decem
1440 3578 1605 3633 milia
1645 3575 1928 3633 hominum
1971 3588 2320 3633 strenuorum
2363 3576 2712 3651 confluebat,
2761 3577 2924 3638 addit

812 3666 1092 3748 glossator
1104 3689 1123 3741 ;
1165 3665 1259 3724 cui
1304 3668 1541 3744 praefixa
1571 3667 1636 3727 in
1663 3672 1766 3727 sua
1802 3667 2052 3729 editione
2081 3668 2263 3729 verba
2302 3690 2434 3727 mox
2469 3678 2728 3747 quintam
2775 3672 2920 3733 falsi)

812 3758 1169 3821 Benedictini
1185 3758 1636 3840 adscripserunt.

900 3856 959 3913 5.
999 3854 1139 3910 Cum
1164 3865 1377 3929 septem
1400 3852 1626 3911 milibus
1651 3852 1812 3913 addit
1841 3852 2146 3934 glossator.

900 3948 959 4005 6.
1001 3946 1073 4001 In
1115 3957 1267 4002 tanto
1300 3964 1527 4003 numero
1570 3943 1733 4005 addit
1775 3944 2076 4027 glossator.
2125 3946 2190 4004 ld
2239 3958 2326 4007 est
2367 3967 2501 4008 cum
2546 3961 2767 4029 septem
2787 3946 2930 4008 mil-

695 4027 716 4046 ''
813 4037 991 4113 libus,
1007 4036 1171 4095 aiunt
1184 4036 1481 4098 Benedict.

896 4134 957 4195 ’1.
984 4132 1121 4188 Post
1166 4127 1408 4189 verbum
1454 4128 1846 4209 flandrensis,
1883 4131 1947 4191 in
1981 4132 2321 4194 membrana
2343 4138 2522 4196 vacua
2545 4138 2793 4195 Kar-olus
2817 4136 2932 4195 ad-

814 4224 961 4284 didit
989 4244 1191 4284 manus
1214 4226 1521 4299 recentior,
1543 4224 1605 4283 in
1630 4226 1764 4289 cod.
1793 4226 1932 4289 543.

899 4323 961 4379 8.
1006 4321 1374 4396 Triplices-cet
1397 4324 1549 4377 enim
1574 4324 1883 4379 exercitum
1913 4323 2053 4383 543.
