3275 5317
834 508 951 567 184
1274 506 1601 565 OEUVRES
1640 506 2072 565 COMPLETES
2112 508 2212 563 DE
2253 506 2520 569 SUGER.

832 639 1191 713 canonicis
1244 636 1785 729 decedentibuS,
1847 651 1996 709 tam
2038 662 2081 708 a
2117 637 2674 735 Rothomagensi
2710 640 2928 713 archi-

828 756 1163 854 episcopo
1212 758 1506 849 Hugone
1568 777 1789 850 quam
1832 779 1877 825 a
1934 752 2233 827 domino
2284 780 2450 851 rege
2509 761 2930 829 Francorum

830 870 1194 943 Ludovioo
1243 868 1565 941 obtinere
1608 868 2132 941 elaboravimus
2175 897 2193 941 z
2241 894 2522 944 necnon
2565 884 2638 943 et
2679 868 2935 945 duode-

832 986 977 1059 cim
1024 984 1277 1057 fratres
1330 1008 1500 1056 cum
1548 984 1943 1058 tredecimo
1995 985 2262 1083 priore,
2297 984 2392 1058 ad
2448 986 2934 1060 exaltationem

832 1099 1152 1197 ejusdem
1168 1100 1477 1171 ecclesiae
1507 1113 1581 1172 et
1611 1099 1836 1172 divini
1854 1099 2090 1172 cultus
2115 1102 2731 1199 propagationem,
2749 1126 2936 1174 reve-

833 1232 1074 1288 renter
1107 1215 1521 1305 locavimus,
1572 1230 1645 1287 et
1676 1214 1984 1287 eandem
2015 1216 2382 1289 ecclesiam
2413 1213 2507 1288 ab
2539 1215 2799 1289 eodem
2829 1242 2932 1290 re-

831 1331 1145 1406 verendo
1178 1330 1719 1430 archiepiscopo
1739 1332 2170 1423 consecrari,
2196 1347 2269 1404 et
2297 1347 2464 1404 ante
2486 1358 2646 1405 eam
2678 1334 2938 1406 cimite-

833 1450 1026 1521 rium
1092 1445 1451 1536 benedici,
1534 1452 1691 1519 Deo
1776 1460 2164 1537 annuente,
2215 1446 2684 1521 obtinuimus.
2773 1452 2936 1536 Quae

834 1560 1187 1660 siquidem
1229 1586 1419 1633 nova
1460 1562 1664 1659 quasi
1697 1560 1942 1634 nobile
1975 1561 2386 1635 membrum
2419 1563 2636 1661 capiti
2665 1588 2798 1637 suo
2827 1588 2935 1635 ec·

836 1678 1062 1750 clesiae
1089 1676 1287 1749 beati
1315 1677 1637 1774 Dionysii
1688 1678 2044 1776 copulata,
2096 1692 2364 1774 quanto
2417 1678 2935 1751 transeuntibus

835 1789 1356 1864 successoribus
1401 1792 1664 1865 nostris
1710 1818 1752 1867 a
1794 1794 2185 1866 vilcassino
2249 1794 2346 1867 ad
2403 1795 2928 1883 Normanniam,

838 1906 948 1978 vel
966 1908 1183 1979 etiam
1200 1932 1336 2006 pro
1359 1909 1902 1981 conservatione
1926 1909 2363 2007 reliquarum
2393 1910 2930 2007 possessionum,

837 2023 911 2093 in
940 2022 1199 2094 eodem
1231 2046 1415 2121 pago
1441 2021 1990 2095 demorantibus
2015 2038 2180 2121 apta
2210 2024 2358 2096 sive
2386 2023 2646 2096 idonea
2668 2024 2928 2113 existit,

838 2150 1040 2209 tanto
1076 2136 1170 2210 de
1220 2139 1525 2237 propriis
1587 2142 1698 2211 ut¹
1747 2138 1840 2211 de
1892 2139 2252 2237 acquisitis
2295 2162 2457 2213 eam
2512 2138 2934 2238 locupletare

838 2265 1179 2349 tanquam
1230 2278 1496 2324 novam
1563 2253 1883 2351 plantam
1929 2268 2008 2326 et
2056 2252 2436 2326 confovere
2473 2255 2634 2352 jure
2697 2254 2934 2327 decer-

839 2366 1041 2441 tabit.
1074 2368 1437 2441 Fratribus
1464 2394 1639 2441 vero
1673 2368 1948 2442 ibidem
1969 2373 2125 2441 Deo
2159 2367 2751 2462 deservientibuS,
2788 2370 2936 2467 quia

841 2484 1066 2556 vineis
1105 2498 1341 2579 egent,
1390 2483 1481 2556 de
1521 2483 1820 2556 decimis
1863 2509 2040 2583 quas
2085 2483 2294 2557 nobis
2324 2485 2526 2558 dedit
2551 2510 2673 2557 rex
2711 2484 2934 2557 Ludo-

838 2600 1037 2673 vicus
1065 2600 1261 2698 apud
1295 2600 1740 2696 Cergiacum,
1779 2624 2218 2697 unoquoque
2248 2624 2442 2673 anno
2500 2602 2750 2698 viginti
2791 2624 2932 2672 mo-

844 2712 1004 2787 dios
1039 2715 1223 2806 vini,
1259 2728 1332 2787 et
1362 2714 1453 2787 de
1494 2714 1772 2787 decima
1817 2739 2037 2812 quam
2066 2740 2201 2788 nos
2232 2717 2736 2814 acquisivimus
2760 2712 2934 2814 apud

842 2826 1335 2926 Ablegiacum²
1365 2828 1821 2902 medietatem
1857 2830 2468 2904 confirmavimus,

1439 3079 1691 3150 XXIII.
1733 3082 1843 3149 De
1872 3076 2286 3149 Beruevalle
2307 3079 2353 3151 ⁸.

938 3282 1019 3352 ln
1068 3304 1151 3352 ea
1192 3294 1434 3352 autem
1474 3304 1632 3378 quae
1674 3280 1938 3353 dicitur
1997 3280 2418 3355 Bernevallis
2463 3280 2900 3380 possessione
2913 3330 2932 3369 ,

838 3420 1053 3490 super
1087 3397 1545 3468 Normannici
1583 3396 1784 3468 littus
1819 3396 2062 3487 mariS,
2101 3397 2173 3467 in
2203 3420 2343 3495 qua
2387 3396 2608 3470 etiam
2645 3398 2938 3495 primam

836 3511 1136 3609 alicujus
1158 3511 1639 3610 praepositurae
1671 3510 1766 3584 ab
1795 3494 2241 3584 antecessore
2277 3534 2440 3583 tneo
2466 3512 2749 3609 suscepi
2781 3510 2934 3582 obe-

838 3627 1207 3717 dientiam,
1257 3651 1475 3723 quam
1514 3627 1727 3699 etiam
1766 3626 1842 3697 in
1883 3641 2204 3725 tempore
2258 3626 2730 3697 strenuissimi
2773 3626 2935 3719 regis

836 3742 1143 3831 Henrici,
1161 3741 1399 3815 adhuc
1412 3744 1578 3814 satis
1597 3741 1908 3839 juvenis,
1936 3738 2029 3811 ab
2058 3742 2518 3841 oppressione
2541 3756 2932 3813 exactorum

834 3856 1225 3953 regiorum,
1256 3881 1441 3954 quos
1468 3856 1723 3929 dicunt
1757 3854 2160 3951 graffioneS,
2198 3855 2429 3929 multo
2470 3856 2726 3930 labore
2767 3852 2934 3927 mul-

922 4136 952 4193 1
968 4172 984 4192 .
1012 4135 1121 4191 Vel
1140 4130 1237 4193 ed.
1262 4130 1473 4191 Chesn.
1486 4162 1566 4177 —
1580 4132 1643 4191 2.
1669 4134 1833 4189 Nunc
1860 4129 2128 4210 Ableiges
2143 4130 2640 4214 (Seiae-et·01‘se).

924 4229 983 4290 3.
1025 4224 1245 4286 Nostris
1269 4228 1550 4285 Berneval
1572 4223 2158 4306 (Seme-Inferieure).
2183 4270 2186 4273 .
