3275 5317
867 601 981 657 254
1302 596 1632 655 OEuvnsss
1673 577 2102 654 commi-ss
2141 594 2244 649 DE
2283 592 2554 651 suom.

864 730 1196 802 videlicet
1234 728 1546 801 casulam
1588 726 1812 799 sancti
1861 726 2048 796 Petri
2093 722 2258 822 (pro
2297 748 2444 820 quo
2470 748 2593 794 eos
2623 722 2822 817 regia
2859 747 3000 820 po-

869 862 1142 935 testate,
1181 845 1311 915 nisi
1330 845 1430 915 eis
1461 866 1597 941 pro
1632 841 2028 915 reverentia
2053 854 2300 912 vestrae
2331 838 2786 910 Celsitudinis
2825 863 2998 936 par-

868 985 1223 1051 ceremuS,
1279 976 1621 1057 tanquam
1666 958 1856 1029 fures
1903 972 2026 1028 aut
2062 971 2385 1054 raptores
2425 953 2944 1047 tenuissemus)
2981 1012 2998 1041 ,

869 1077 1063 1149 nullo
1108 1075 1329 1147 modo
1372 1072 1670 1146 reddere
1701 1073 2106 1145 voluerunt.
2159 1071 2281 1141 His
2332 1070 2545 1166 igitur
2603 1084 2673 1140 et
2730 1068 3002 1165 hujus-

868 1193 1073 1265 modi
1120 1191 1392 1289 injuriis
1429 1196 1585 1262 Deo
1628 1204 1701 1261 et
1733 1188 1991 1260 sanctis
2029 1188 2180 1284 ejus
2221 1200 2291 1256 et
2331 1186 2738 1283 apostolicae
2779 1210 3000 1255 reve-

868 1309 1109 1381 rentiae
1139 1306 1585 1403 derogantes,
1615 1330 1749 1404 pro
1788 1318 2208 1399 contemptu
2223 1356 2243 1394 ,
2292 1326 2428 1398 pro
2467 1300 2999 1390 inobedientia,

867 1449 1002 1522 pro
1048 1422 1412 1517 sacrilegio
1448 1422 1521 1493 in
1563 1420 1915 1492 ultionem
1953 1418 2495 1490 ecclesiasticam
2533 1415 2960 1488 decidentes
2975 1474 2996 1505 ,

871 1564 1088 1637 quem
1120 1550 1536 1609 meruerunt
1568 1560 1654 1605 ex
1688 1535 1915 1631 rigore
1934 1533 2221 1630 justitiae
2251 1532 2570 1629 recipere
2613 1530 2998 1620 talionem,

872 1681 995 1727 eos
1045 1655 1115 1726 in
1150 1654 1477 1752 proximo
1518 1650 1777 1722 sentire
1834 1648 2241 1747 suppliciter
2279 1647 2777 1744 efflagitamus.
2813 1645 3002 1717 Illuc

881 1770 1074 1841 enim
1102 1764 1583 1865 superbiendo
1606 1764 2105 1856 ascenderunt,
2139 1763 2332 1835 unde
2363 1788 2484 1834 eos
2501 1762 2700 1858 justo
2713 1762 3001 1858 judicio

871 1900 1347 1982 prosternere,
1377 1897 1450 1954 et
1480 1906 1719 1955 servos
1743 1882 1876 1953 Dei
1907 1883 1980 1951 in
2006 1906 2181 1978 pace
2209 1903 2628 1952 conservare
2653 1877 3002 1949 facillime

873 1999 1188 2097 potestis.
1233 2000 1498 2096 Saepius
1524 1997 1719 2068 enim
1757 1995 1979 2067 multa
2011 1996 2354 2084 convicia,
2388 1996 2617 2065 minas
2645 1994 3000 2066 terribiles

876 2116 977 2187 eis
1013 2114 1444 2204 intulerant5
1489 2116 1852 2209 garciones
1899 2136 2066 2184 suos
2110 2110 2414 2183 eandem
2453 2112 2734 2182 Sanctae
2761 2112 3000 2180 Geno-

874 2228 1047 2299 vefae
1090 2226 1461 2299 ecclesiam
1506 2242 1732 2298 noctu
1787 2227 2046 2297 intrare
2067 2280 2086 2317 ,
2140 2240 2212 2296 et
2255 2225 2434 2295 ostia
2473 2248 2729 2295 eorum
2771 2222 3002 2319 frangi

876 2344 1213 2434 fecerant,
1243 2358 1498 2415 contra
1534 2342 1918 2413 canonicos
1955 2342 2330 2412 Matutinas
2366 2340 2786 2437 incipientes
2817 2364 3000 2409 con-

874 2457 1217 2549 clamare,
1254 2482 1346 2529 ne
1378 2457 1552 2529 alter
1588 2458 1890 2529 alterum
1919 2455 2198 2528 audiret
2234 2454 2665 2552 impulerant
2705 2480 2723 2523 :
2766 2453 3002 2525 donec

876 2596 1034 2660 ηοε,
1072 2594 1287 2668 super
1315 2568 1427 2641 his
1448 2569 1719 2665 injuriis
1742 2567 1835 2639 ab
1869 2568 2138 2640 eisdem
2166 2566 2523 2639 canonicis
2553 2564 3002 2660 regularibus

876 2688 1139 2775 vocati,
1182 2685 1348 2757 illuc
1390 2686 1975 2775 acceleravimus3
2022 2683 2400 2756 oculorum
2453 2683 3002 2753 excaecationem

876 2818 949 2875 et
996 2802 1495 2874 membrorum
1557 2800 2177 2873 detruncationem
2226 2796 2682 2872 helluonibus
2749 2796 3002 2893 hujus·

877 2917 1101 3010 modi,
1150 2917 1209 2987 si
1247 2913 1422 3013 quid
1465 2914 1692 2986 simile
1736 2914 2070 3013 deinceps
2113 2914 2670 3003 committerent,
2719 2910 3006 2984 terribi-

877 3029 1039 3101 liter
1077 3031 1577 3128 promisimus3
1630 3028 2015 3101 servientes
2057 3028 2148 3100 de
2190 3042 2425 3120 nocte,
2467 3028 2678 3123 siqui
2719 3028 3008 3097 interci-

878 3161 1239 3243 perentur,
1268 3145 1525 3217 crebro
1550 3146 2102 3235 transmisimus;
2136 3160 2209 3215 et
2234 3144 2334 3216 sic
2359 3169 2492 3243 per
2511 3145 2646 3215 Dei
2668 3144 3004 3239 gratiam,

878 3260 1034 3331 zelo
1078 3258 1500 3332 obedientiae
1544 3275 1616 3332 et
1671 3261 1874 3355 regiae
1933 3260 2312 3356 maJestatis
2365 3274 2672 3349 terrore,
2743 3284 2874 3329 eos
2935 3260 3048 3328 in⁴

881 3399 1059 3473 pace
1111 3391 1449 3471 tanquam
1487 3377 1622 3446 Dei
1675 3374 1930 3448 excelsi
1973 3400 2214 3446 servos
2257 3374 2726 3445 libentissime
2755 3374 3014 3444 confo-

881 3516 1155 3581 vemuS,
1194 3505 1266 3562 et
1296 3491 1368 3561 in
1398 3491 1537 3562 hoc
1580 3490 1735 3562 solo
1769 3493 1901 3562 Dei
1933 3504 2000 3562 et
2031 3506 2288 3561 sanctae
2319 3489 2678 3584 religionis
2721 3514 3008 3578 amore,

880 3606 1224 3703 quamdiu
1256 3605 1459 3677 vobis
1491 3606 1870 3705 placuerit,
1907 3620 2312 3677 constanter
2349 3606 3006 3703 perseverabimus.

979 3728 1245 3795 Verum
1280 3737 1561 3795 tantum
1612 3720 1929 3812 bonum,
1979 3746 2125 3817 quo
2175 3720 2452 3793 laetatur
2495 3722 2788 3793 ecclesia
2837 3722 3012 3810 Dei,

884 3862 1031 3935 quo
1078 3838 1583 3937 praedicabitur
1632 3838 1858 3909 sancti
1893 3837 2348 3935 Apostolatus
2393 3839 2604 3908 vestri
2647 3862 2885 3933 usque
2941 3838 3016 3907 in

884 3950 1103 4025 finem
1130 3954 1349 4025 seculi
1370 3953 1641 4025 famosa
1663 3950 2036 4024 beatitudo
2042 4009 2063 4042 ,
2087 3951 2318 4023 taliter
2343 3950 2640 4051 pacifice
2668 3966 2744 4023 et
2763 3953 3016 4048 quiete

885 4064 1256 4137 terminari
1283 4066 1573 4162 poterit,
1612 4064 1669 4135 si
1701 4065 1786 4135 iis
1816 4063 2156 4159 religiosis
2189 4063 2523 4153 chorum,
2577 4062 3012 4162 capitulum,

886 4179 1272 4251 claustrum
1326 4196 1398 4251 et
1437 4179 1921 4269 refectorium,
1961 4178 2054 4250 ad
2093 4180 2705 4252 conservationem
2747 4196 3018 4251 sanctae

889 4296 1275 4390 religioniS,
1295 4297 1493 4393 juxta
1528 4293 1859 4368 ordinem
1891 4295 2130 4367 Sancti
2157 4296 2488 4385 VictoriS,
2513 4294 2652 4367 illis
2667 4294 3012 4383 exclusis»,
