3275 5317
850 569 926 627 46
1271 564 1593 625 OEuvmts
1633 549 2061 623 compturus
2102 566 2204 621 DE
2244 564 2514 623 SUGER.

850 700 1221 787 haererent,
1255 696 1592 770 dominus
1623 695 2045 797 Ludovicus,
2079 721 2306 769 unum
2338 720 2593 769 eorum
2619 697 2962 770 audacius

849 814 1118 887 caeteris
1147 812 1556 909 indignatus
1589 812 1925 910 repagula
1960 812 2206 905 exisse,
2259 837 2528 909 equum
2570 812 2964 887 calcaribus

853 944 1056 1025 urget
1094 956 1112 1000 z
1140 943 1212 1001 et
1233 943 1314 1000 ut
1337 945 1489 1001 erat
1519 929 1630 1001 vir
1655 953 1799 1028 prae
1822 928 2090 1001 caeteris
2124 928 2483 1020 cordatuS,
2523 928 2842 1001 insiliens
2886 930 2961 1001 in

849 1068 1042 1133 eum,
1089 1043 1330 1117 lancea
1384 1068 1827 1142 percussum,
1891 1068 2023 1115 nec
2087 1068 2257 1116 eum
2314 1043 2573 1136 solum,
2643 1044 2769 1117 sed
2831 1068 2965 1143 per

848 1162 1032 1230 eum‘
1057 1148 1282 1231 alium
1308 1184 1456 1232 uno
1484 1160 1628 1231 ictu
1661 1159 2070 1257 prosternit,
2104 1175 2201 1250 et,
2225 1159 2428 1258 quod
2462 1184 2703 1254 regem
2741 1158 2963 1231 dede-

849 1290 1069 1366 ceret,
1103 1276 1177 1346 in
1209 1275 1466 1347 eodem
1497 1276 1656 1347 rivo
1692 1274 2063 1371 copiosum
2100 1299 2326 1371 usque
2359 1272 2454 1345 ad
2489 1273 2757 1369 galeam
2800 1273 2961 1346 bal-

847 1415 1065 1463 neum
1090 1392 1492 1489 componit3
1533 1414 2037 1487 successusque
2076 1413 2243 1462 suos
2276 1415 2532 1486 urgere
2564 1416 2715 1463 non
2760 1390 2967 1463 diffe-

847 1530 1033 1597 rens,
1097 1531 1243 1604 quo
1302 1506 1422 1578 ille
1471 1520 1673 1578 arcto
1731 1508 1997 1579 exierat
2058 1507 2189 1578 iste
2242 1506 2559 1596 intravit,
2614 1521 2688 1578 et
2738 1506 2965 1604 pugili

847 1624 1340 1719 congressione
1360 1623 1602 1696 hostes
1623 1622 1909 1718 abigere
1937 1648 2083 1695 non
2124 1622 2423 1695 desistit.
2460 1620 2673 1710 Quod
2706 1623 2963 1694 Franci

845 1738 1193 1828 videnteS,
1232 1738 1653 1813 mirabiliter
1694 1740 2013 1831 animati,
2062 1738 2399 1837 repagula
2440 1752 2815 1837 rumpunt,
2860 1738 2963 1809 ri-

848 1878 1022 1925 vum
1047 1853 1453 1927 transiliunt
1495 1882 1510 1925 :
1540 1854 1927 1951 hostesque
1951 1854 2173 1925 multa
2204 1854 2394 1925 caede
2426 1836 2956 1951 persequenteS,

851 1967 945 2040 ad
975 1984 1287 2041 castrum
1319 1993 1544 2066 usque
1561 1986 1847 2042 coactos
1867 1970 2245 2069 repellunt.
2276 1973 2491 2039 Fama
2512 1970 2733 2060 volat,
2762 1970 2962 2067 oppi-

848 2082 1075 2156 danos
1130 2098 1496 2181 totamque
1545 2086 1879 2156 viciniam
1935 2083 2254 2183 percellit
2270 2140 2290 2176 ‚
2359 2083 2558 2182 quod
2622 2084 2960 2157 dominus

845 2199 1250 2272 Ludovicus
1283 2214 1355 2271 et
1378 2201 1510 2292 sui,
1538 2215 1618 2271 ut
1645 2200 2012 2272 fortissimi
2040 2199 2326 2291 militeS,
2361 2198 2596 2272 donec
2632 2198 2960 2271 funditus

845 2314 1274 2387 subverterit
1303 2330 1640 2409 castrum,
1684 2330 1755 2387 et
1792 2314 2183 2387 nobiliores
2230 2317 2442 2387 castri
2479 2329 2601 2387 aut
2638 2314 2959 2413 patibulo

845 2428 1086 2525 affigat
1139 2446 1264 2502 aut
1323 2430 1571 2502 oculos
1635 2443 1865 2522 eruat,
1932 2430 2262 2502 recedere
2326 2429 2775 2526 dedignetur.
2832 2435 2963 2501 Ea·

846 2558 1138 2645 propter
1162 2546 1486 2618 consulte
1520 2547 1749 2644 agitur
1772 2561 1854 2619 ut
1886 2561 1955 2617 et
1992 2545 2329 2619 dominus
2362 2546 2571 2617 castri
2600 2571 2675 2617 se
2693 2546 2959 2618 dedere

845 2663 1051 2756 regiae
1080 2662 1426 2759 majestati
1444 2687 1592 2734 non
1624 2662 1934 2753 differat,
1954 2677 2408 2760 castrumque
2432 2677 2501 2735 et
2519 2676 2789 2735 terram
2808 2662 2959 2759 ejus

846 2776 1097 2849 ditioni
1157 2776 1502 2871 subjiciat.
1555 2778 1855 2850 Rediens
1888 2780 2129 2875 itaque
2165 2777 2502 2849 dominus
2548 2778 2957 2850 Ludovicus

842 2889 1158 2989 praedam
1191 2892 1570 2965 dominum
1601 2894 1815 2965 castri
1854 2893 2037 2986 fecit,
2066 2908 2139 2965 et
2168 2891 2406 2965 subito
2434 2893 2833 2992 triumphO,
2870 2918 2960 2965 eo

843 3008 1150 3103 Stampis
1181 3006 1455 3097 relicte,
1493 3008 1794 3082 parisius
1825 3009 2014 3081 felici
2048 3034 2375 3081 successu
2396 3009 2767 3080 remeavit.

941 3124 1096 3195 XII.
1150 3124 1499 3222 Deinceps
1525 3125 1599 3195 in
1643 3123 1836 3196 diem
1878 3123 2300 3223 proficiente
2330 3122 2505 3217 filio,
2540 3138 2749 3223 pater
2804 3124 2959 3221 ejus

845 3257 971 3306 rex
1030 3235 1397 3335 Philippus
1448 3238 1522 3309 in
1564 3238 1758 3310 diem
1805 3238 2207 3311 deficiebat.
2259 3244 2501 3336 Neque
2552 3240 2746 3311 enim
2796 3254 2963 3337 post

845 3350 1351 3449 superductam
1423 3351 1997 3449 Andegavensem
2060 3353 2494 3425 comitissam
2560 3352 2960 3450 quidquam

842 3468 1030 3562 regia
1085 3468 1452 3565 majestate
1497 3469 1798 3565 dignum
1845 3468 2141 3564 agebat-3
2190 3470 2343 3561 sed,
2380 3485 2601 3567 raptae
2636 3470 2960 3565 conjugis

840 3598 1083 3679 raptus
1108 3608 1336 3656 concu
1345 3586 1709 3682 piscentia‚
1759 3584 2107 3682 voluptati
2157 3610 2299 3655 suae
2346 3585 2743 3657 satisfacere
2781 3610 2960 3683 ope·-

843 3718 999 3769 ram
1031 3697 1269 3771 dabat.
1313 3698 1519 3771 Unde
1545 3723 1680 3771 nec
1706 3699 2111 3795 reipublicae
2136 3699 2585 3799 providebat,
2618 3724 2753 3771 nec
2782 3723 2958 3797 pro-

841 3812 986 3883 ceri
1013 3827 1082 3885 et
1110 3814 1446 3911 elegantis
1485 3816 1809 3913 corporis
1865 3816 2143 3888 sanitati
2175 3816 2335 3913 plus
2366 3840 2569 3913 aequo
2618 3816 2957 3888 remissus

839 3927 1204 4026 parcebat.
1239 3936 1395 4004 Hoc
1427 3956 1655 4003 unum
1678 3947 2048 4030 supererat
2078 3930 2306 4030 quod,
2336 3933 2593 4005 timore
2616 3947 2690 4005 et
2709 3957 2959 4005 amore

841 4046 1262 4117 successoris
1317 4046 1469 4138 filii,
1515 4047 1716 4143 regni
1778 4062 2000 4120 status
2059 4047 2365 4144 vigebat.
2424 4052 2750 4146 Cumque
2808 4048 2957 4120 fere

924 4289 986 4346 1.
1015 4288 1228 4343 Praeter
1251 4304 1378 4342 eum
1402 4285 1537 4343 edd.
1570 4287 1769 4349 Germ.
1802 4279 1861 4345 el
1888 4286 2095 4347 chesn.
