3275 5317
1007 569 1132 627 vm
1171 568 1270 625 m:
1312 568 1534 627 Loms
1577 568 1669 624 LE
1712 566 1933 640 (mos²
2434 576 2505 631 av

394 703 597 800 piant
662 700 1022 773 exhilarati
1063 699 1457 773 decertant.
1540 702 1863 797 Cumque
1934 698 2275 772 dominus
2324 728 2511 802 papa

395 819 896 916 episcoporum
927 832 1001 890 et
1029 814 1498 889 cardinalium
1520 830 1783 911 togata,
1813 840 1982 887 cum
2012 818 2513 913 opertis¹albis

395 934 750 1031 operturis
782 934 1010 1032 equiS,
1047 932 1484 1031 constipatus
1537 946 1797 1022 turma,
1854 929 2329 1029 subsequente
2376 958 2509 1033 po-

395 1050 568 1147 pulo
628 1054 976 1140 Romano,
1013 1073 1386 1122 occurrere
1431 1047 1858 1120 acceleraret
1876 1100 1895 1137 ,
1946 1047 2327 1146 praemissis
2383 1051 2517 1146 qui

397 1166 598 1237 tactis
652 1164 1116 1238 sacrosanctis
1177 1164 1571 1259 Evangeliis
1627 1162 1721 1235 ab
1773 1161 2033 1235 eodem
2083 1163 2511 1262 imperatore

385 1280 880 1377 juramentum
915 1280 1137 1377 pacis»,
1162 1279 1741 1372 investiturarum
1769 1278 2287 1376 depositionem
2342 1305 2511 1352 sus-

392 1394 738 1492 ciperent,
768 1394 842 1465 in
877 1419 964 1466 eo
999 1393 1123 1490 qui
1151 1392 1416 1466 dicitur
1443 1397 1651 1465 Mons
1683 1392 1944 1464 Gaudii
1971 1392 2161 1485 loce,
2196 1393 2324 1466 ubi
2360 1397 2509 1493 pri-

393 1534 596 1581 mum
657 1509 1208 1582 adventantibus
1265 1509 1512 1583 limina
1570 1508 2065 1608 apostolorum
2127 1509 2509 1584 beatorum

391 1625 539 1697 visa
583 1640 998 1716 occurrunt,
1058 1623 1371 1723 idipsum
1418 1623 1743 1696 iteratur.
1816 1626 1900 1694 In
1959 1625 2246 1722 porticu
2303 1650 2505 1719 vero,

389 1739 700 1813 mirabili
722 1756 795 1813 et
844 1739 1226 1813 universali
1265 1743 1754 1812 Romanorum
1802 1741 2227 1836 spectaculo,
2287 1767 2511 1815 manu

387 1856 682 1955 propria
740 1854 1194 1954 imperatoris
1241 1869 1314 1927 et
1356 1854 1788 1953 optimatum
1855 1854 2253 1954 triplicatur
2304 1858 2507 1955 jura-

388 1985 744 2061 mentum,
801 1968 1056 2042 exinde
1097 1966 1372 2043 infinite
1405 1972 1428 2008 ⁸
1449 1968 1761 2042 nobilius
1808 1993 2029 2067 quam
2090 1971 2149 2042 si
2184 1970 2508 2044 Africana

391 2084 690 2158 victoria
749 2086 980 2183 potito
1018 2086 1042 2122 ⁸
1084 2108 1290 2156 arcus
1369 2083 1820 2183 triumphalis
1886 2083 2235 2157 arrideret
2253 2140 2273 2177 ‚
2339 2112 2509 2159 cum

389 2199 676 2296 hymnis
700 2214 772 2272 et
802 2198 1098 2272 laudum
1127 2199 1503 2297 multiplici
1533 2197 1937 2297 triumpho,
1982 2199 2257 2272 domini
2308 2225 2509 2299 papae

386 2340 607 2388 manu
641 2316 1106 2389 sacratissima
1139 2313 1537 2386 diademate
1574 2330 1964 2387 coronatur
2004 2339 2207 2387 more
2246 2319 2511 2411 Augus-

387 2433 688 2524 torum‘‚
714 2430 808 2503 ad
830 2429 1386 2503 sacratissimum
1429 2428 1929 2528 apostolorum
1973 2429 2222 2520 altare,
2266 2432 2508 2527 praeci·

385 2546 716 2618 nentium
727 2546 1156 2619 clericorum
1183 2544 1366 2632 odis,
1396 2558 1468 2615 et
1494 2543 2052 2617 Alemannorum
2070 2546 2507 2617 cantantium

391 2660 686 2731 terribili
718 2660 1029 2731 clamore
1059 2657 1274 2731 coelos
1306 2674 1751 2757 penetrante,
1790 2660 2251 2733 celeberrima
2286 2676 2357 2734 et
2400 2688 2509 2735 so-

391 2772 608 2846 lemni
638 2773 1019 2847 devotione
1041 2772 1440 2847 deducitur.
1471 2779 1656 2847 Cum
1694 2774 1905 2873 igitur
1926 2775 2264 2849 dominus
2288 2803 2499 2877 papa,

385 2888 634 2961 missas
685 2888 1070 2985 gratiarum
1116 2912 1360 2984 agens;
1430 2913 1695 2985 corpus
1748 2904 1822 2961 et
1876 2892 2287 2987 sanguinem
2340 2899 2499 2966 Jesu

387 3002 648 3076 Christi
681 3002 1124 3095 confecisset,
1151 3005 1482 3103 partitam
1523 3003 2061 3097 Eucharistiam‚
2114 3007 2187 3078 in
2238 3010 2503 3080 amoris

384 3117 834 3219 impartibilis
903 3118 1505 3193 confoederatione
1558 3135 1628 3192 et
1672 3122 1861 3218 pacti
1925 3125 2461 3197 conservatione
2476 3178 2496 3215 ‚

385 3233 751 3306 obsidem⁸
783 3234 1192 3307 mirabilem
1232 3234 1545 3307 ecclesiae
1600 3234 1989 3329 devoven5‚
2044 3236 2501 3336 suscipiendo

384 3347 776 3448 imperator
810 3350 1388 3426 communicavit.
1417 3348 1741 3423 Necdum
1762 3350 2099 3426 dominus
2127 3378 2309 3453 papa
2336 3368 2502 3451 post

466 3633 530 3689 1.
569 3632 802 3705 Aper-tis
831 3630 947 3688 135
977 3638 1148 3706 atque
1170 3627 1308 3689 edd.
1341 3628 1540 3689 Germ.
1569 3639 1629 3687 et
1656 3627 1862 3687 chesn.

465 3726 526 3785 2.
567 3724 830 3799 Infinita,
854 3725 995 3794 133,
1021 3722 1239 3781 12710.

471 3818 530 3877 3.
569 3820 766 3876 Potito
789 3818 926 3874 133.
1141 3882 1154 3895 .

466 3912 528 3968 4.
569 3912 698 3967 Non
755 3910 958 3968 eodem
995 3905 1122 3981 die,
1181 3920 1248 3967 ut
1292 3907 1562 3985 Sugerius
1603 3906 1870 3981 credidit,
1912 3908 2013 3968 sed
2050 3906 2367 3968 tredecimo
2408 3908 2501 3967 die

389 3998 598 4059 mensis
637 3998 837 4079 aprilis
874 3999 1186 4079 sequentis,
1210 4010 1516 4058 coronatus
1542 4010 1631 4058 est
1652 3998 1954 4062 Henricus.
1980 4002 2053 4061 V.
2073 4005 2204 4060 Art.
2226 4003 2301 4057 de
2326 4002 2493 4076 ve‘re'f.

388 4094 472 4150 les
490 4094 676 4165 dates,
703 4096 785 4167 11,
811 4095 908 4155 19.
941 4092 1306 4153 Dissimiliter
1325 4092 1448 4151 haec
1473 4105 1786 4151 narrantur
1806 4092 1867 4151 in
1888 4092 2177 4153 Casinensi
2195 4092 2495 4167 chronicO,

385 4182 494 4245 lib.
523 4186 624 4258 IV,
653 4204 782 4263 cap.
815 4189 916 4257 37,
945 4188 1044 4247 38.

468 4280 527 4339 5.
571 4275 664 4336 Sic
687 4276 858 4337 codd.
887 4296 1112 4337 omneS.
1133 4311 1215 4324 —
1244 4278 1329 4339 Ob
1355 4280 1524 4354 fidem
1548 4278 1680 4340 edd.
1712 4280 1911 4338 Germ.
1942 4288 1998 4336 et
2024 4276 2235 4339 Chesn.
