3275 5317
933 628 1060 684 VIE
1097 628 1198 684 DE
1236 628 1458 685 LOUIS
1495 631 1590 686 LE
1631 629 1853 687 GROS.
2376 635 2447 695 35

345 788 382 826 α
411 744 665 830 'electio
690 758 768 829 in
801 757 1038 857 palam
1065 759 1498 856 proferatur.
1531 759 1625 833 ad
1659 784 1867 833 aures
1906 760 2185 834 domini
2219 764 2450 863 impe-

346 904 383 942 «
423 874 676 945 ratoris
706 873 1048 971 perferre,
1101 890 1199 967 et,
1247 876 1308 946 si
1349 899 1733 974 personam
1765 875 2040 969 deceat,
2081 901 2451 953 assensum

342 1018 380 1057 α
415 988 508 1059 ab
546 1014 632 1061 eo
660 1004 824 1062 ante
857 989 1122 1063 factam
1160 990 1579 1063 electionem
1620 1016 2026 1085 assumere3
2072 991 2335 1066 deinde
2376 997 2451 1067 in

341 1133 378 1171 α
413 1121 772 1179 conventu
793 1105 1190 1178 secundum
1220 1131 1556 1197 oenoneS,
1591 1106 1935 1205 petitione
1958 1108 2238 1206 populi,
2267 1107 2454 1182 elec-

341 1252 377 1286 α
414 1222 608 1293 tione
638 1222 834 1312 cleri,
871 1226 1192 1294 assensu¹
1221 1222 1679 1295 honoratoris
1702 1222 2049 1321 proferre,
2074 1248 2451 1297 consecra—

341 1366 378 1405 α
412 1348 568 1410 tum
618 1337 842 1411 libere
881 1362 1016 1412 nec
1057 1338 1444 1411 simoniace
1493 1338 1589 1409 ad
1636 1336 2017 1411 dominum
2060 1340 2453 1438 imperato-

337 1481 373 1523 «
409 1478 568 1526 rem
616 1478 752 1552 pro
795 1452 1182 1549 regalihuS,
1224 1470 1302 1526 ut
1346 1452 1612 1525 annulo
1654 1468 1726 1527 et
1766 1453 1963 1551 virga
1998 1454 2447 1546 investiatur,

339 1598 376 1637 α
407 1569 671 1661 redire,
708 1569 1123 1642 fidelitatem
1149 1585 1221 1642 et
1241 1564 1645 1642 hominium
1674 1569 1930 1643 facere.
1958 1572 2101 1641 Nec
2130 1570 2393 1642 mirum
2424 1597 2447 1662 3

337 1712 372 1749 a
416 1684 734 1757 civitates
788 1686 984 1757 enim
1033 1700 1102 1756 et
1142 1684 1454 1775 castella,
1503 1685 1884 1775 marchias,
1938 1684 2263 1757 thelonea
2289 1740 2310 1777 ,
2378 1700 2453 1758 et

338 1830 374 1866 α
418 1824 718 1898 quaeque
747 1800 1219 1899 imperatoriae
1232 1799 1593 1895 dignitatis
1615 1799 1817 1871 nullo
1842 1799 2064 1873 modo
2090 1802 2299 1875 aliter
2321 1802 2450 1874 de-

334 1945 370 1980 α
411 1915 587 1989 bere
648 1919 1060 2015 occupare².
1105 1917 1181 1986 Si
1229 1916 1381 1989 haec
1427 1914 1767 1987 dominus
1817 1940 2001 2015 papa
2057 1917 2399 1991 sustineat
2425 1972 2446 2010 ,

337 2058 374 2096 α
411 2056 748 2129 prospere
787 2047 856 2104 et
899 2030 1092 2103 bona
1121 2056 1296 2131 pace
1339 2056 1643 2128 regnum
1674 2046 1743 2103 et
1769 2032 2139 2105 ecclesiam
2176 2033 2270 2106 ad
2300 2033 2403 2105 ho
2419 2070 2451 2089 ·

335 2174 376 2213 α
417 2172 670 2220 norem
704 2148 836 2220 Dei
883 2146 1248 2219 inhaerere.
1301 2176 1335 2216 »
1383 2151 1614 2245 Super
1666 2147 1779 2218 his
1831 2148 2044 2243 igitur
2106 2147 2451 2221 dominus

324 2284 512 2360 papa
548 2264 897 2354 consulte,
938 2264 1244 2336 oratoris
1275 2262 1593 2361 episcopi
1637 2262 2029 2334 Placentini
2065 2286 2267 2353 voce,
2302 2286 2453 2333 res-

323 2378 584 2474 pondit
614 2406 629 2450 :
695 2410 730 2447 α
781 2377 1198 2467 Ecclesiam,
1241 2376 1561 2475 precioso
1603 2382 1640 2449 J
1645 2401 1770 2449 esu
1823 2377 2086 2449 Christi
2115 2376 2454 2471 sanguine

332 2522 370 2559 α
402 2492 855 2593 redemptam
880 2509 952 2565 et
981 2492 1284 2566 liberam
1310 2492 1803 2582 constitutam,
1839 2490 2041 2562 nullo
2072 2489 2294 2563 modo
2321 2491 2453 2563 ite·

331 2638 370 2677 <c
403 2624 562 2681 rato
605 2608 928 2681 ancillari
963 2622 1300 2705 oportere
1320 2609 1388 2697 ⁸3
1427 2606 1487 2676 si
1532 2604 1853 2696 ecclesia,
1890 2630 1977 2678 eo
2019 2606 2447 2699 inconsult0‚

331 2754 372 2793 α
404 2724 783 2822 praelatum
802 2726 824 2761 ⁴
879 2723 1134 2817 eligere
1162 2746 1308 2793 non
1335 2722 1588 2820 possit,
1625 2736 1890 2793 cassata
1904 2721 2163 2793 Christi
2188 2736 2448 2815 morte,

329 2862 374 2901 α
414 2836 482 2905 ei
537 2832 886 2907 serviliter
934 2833 1298 2931 subjacere
1335 2862 1354 2925 3
1389 2835 1448 2905 si
1476 2833 1677 2928 virga
1704 2847 1775 2904 et
1804 2830 2073 2904 annulo
2112 2832 2447 2905 investia-

328 2978 367 3017 α
405 2965 554 3041 tur,
600 2975 770 3022 cum
822 2950 914 3023 ad
955 2949 1202 3023 altaria
1265 2948 1618 3047 ejusmodi
1678 2949 2119 3047 pertineant,
2198 2964 2449 3021 contra

322 3094 366 3133 α
403 3068 638 3139 Deum
673 3066 907 3164 ipsum
929 3091 1314 3165 usurpare,
1349 3066 1405 3137 si
1430 3079 1731 3137 sacratas
1757 3063 2139 3137 Dominico
2154 3064 2449 3164 corpori

324 3211 366 3247 a
403 3196 476 3255 et
510 3181 832 3277 sanguini
859 3185 882 3221 ⁸
926 3207 1183 3255 manus
1214 3181 1377 3254 laici
1412 3181 1747 3253 manibus
1786 3179 2023 3276 gladio
2065 3182 2451 3276 sanguino-

323 3326 366 3365 α
404 3296 612 3369 lentis
643 3295 1029 3393 obligando
1051 3312 1486 3398 supponant,
1518 3294 1760 3369 ordini
1786 3320 1915 3368 suo
1948 3310 2021 3367 et
2038 3320 2249 3367 sacrae
2267 3320 2445 3367 unc-

328 3442 371 3479 α
409 3412 594 3484 tioni
627 3412 994 3511 derogare.
1035 3442 1072 3479 n
1120 3417 1448 3509 Cumque
1482 3412 1634 3485 haec
1673 3426 1746 3483 et
1772 3410 1887 3483 his
1928 3410 2185 3509 similia
2226 3408 2449 3479 cervi-

318 3528 474 3599 cosi
505 3526 866 3601 audissent
893 3528 1130 3625 legati,
1168 3528 1532 3600 teutonico
1561 3527 1839 3624 impetu
1866 3524 2279 3596 frendentes
2330 3538 2445 3595 tu-

317 3641 803 3735 multuabant,
843 3660 940 3734 et,
977 3645 1037 3715 si
1068 3656 1226 3715 tuto
1243 3642 1612 3732 auderent,
1635 3640 1958 3713 convicia
1974 3654 2378 3712 eructarent
2390 3641 2437 3731 ⁸,

319 3757 618 3855 injurias
652 3759 1016 3832 inferrent.
1062 3788 1097 3825 et
1128 3758 1284 3831 Non
1318 3757 1463 3850 hic,
1498 3757 1859 3855 inquiunt,
1882 3754 2006 3829 sed
2032 3758 2269 3828 Romae
2302 3755 2443 3855 gla-

405 3980 466 4039 1.
507 3980 813 4037 Assensum
847 3980 989 4041 133.
1019 4010 1096 4023 —
1115 3978 1176 4039 Ξ.
1223 3978 1506 4053 occupari
1525 3974 1659 4035 cod.
1693 3978 1833 4049 133,
1861 3974 2221 4039 emendatus.

403 4076 462 4135 3.
505 4076 798 4130 Ancillari
819 4082 1006 4149 potest
1038 4074 1182 4134 133.
1215 4104 1297 4116 —
1337 4074 1398 4133 4.
1445 4072 1816 4131 Praesulatum
1843 4074 1959 4129 135
1986 4082 2044 4129 et
2064 4069 2205 4131 edit.
2236 4069 2439 4129 Germ.

404 4166 466 4224 5.
507 4170 813 4225 Dominico
834 4184 1062 4242 corpore
1088 4177 1146 4222 et
1165 4170 1444 4244 sanguine
1470 4167 1588 4223 133
1615 4175 1672 4221 et
1694 4162 1834 4222 edit.
1866 4164 2066 4223 Germ.

403 4260 465 4316 6.
509 4256 604 4318 Sic
661 4258 785 4318 sola
830 4256 971 4320 edit.
1015 4258 1542 4320 Benedictinorum.
1606 4289 1687 4302 —
1731 4260 2109 4316 Eructuarem
2152 4252 2327 4315 codd.
2384 4266 2443 4314 et

313 4350 445 4410 aliae
475 4352 612 4415 edd.
