3275 5317
963 592 1088 649 VIE
1131 592 1226 649 DE
1267 590 1494 649 LOUIS
1534 592 1630 647 LE
1669 590 1884 651 GROS.
2402 594 2479 654 125

462 730 580 797 xl.
637 724 831 797 Sicut
887 747 1060 819 ergo
1112 722 1392 795 nobiles
1432 721 1808 819 ignobiles,
1854 722 2203 819 gloriosos
2247 726 2479 821 inglo-

363 840 540 913 rios¹
555 838 888 931 reddenS,
907 837 1192 935 pigritia
1213 837 1559 909 desidiam
1581 838 1917 910 comitata
1932 838 2084 909 imo
2102 836 2476 937 deprimit3

363 958 467 1030 sic
523 955 801 1028 nobiles
865 951 1251 1025 nobiliores
1276 1008 1297 1045 ‚
1357 952 1701 1049 gloriosos
1756 952 2203 1049 gloriosiores
2257 955 2483 1029 virtus

360 1072 610 1161 animi,
654 1070 982 1169 corporis
1030 1069 1364 1141 exercitio
1414 1068 1699 1165 agitata,
1742 1068 2015 1169 superis
2060 1068 2344 1158 attollit,
2409 1086 2484 1145 et

361 1186 622 1285 quibus
640 1184 996 1258 oblectata
1021 1186 1400 1257 strenuitas
1449 1184 1881 1282 perfruatur,
1935 1182 2275 1284 praeclara
2310 1185 2481 1259 faci-

359 1326 540 1374 nora
597 1301 1108 1398 undecumque
1151 1314 1502 1373 terrarum
1545 1300 1719 1371 viris
1756 1298 2129 1373 offerendo
2161 1303 2473 1399 reponit.

359 1421 712 1490 Assistunt
732 1416 1070 1515 equidem
1101 1416 1225 1513 qui
1268 1414 1657 1512 magnificis
1689 1419 2021 1489 exorent'
2052 1418 2415 1516 suppliciis
2425 1420 2475 1509 ⁸,

359 1533 594 1605 multo
630 1533 845 1604 etiam
885 1547 956 1604 et
993 1543 1417 1631 sumptuoso
1459 1531 1773 1621 servitio,
1823 1531 1917 1605 ad
1958 1546 2197 1631 partes
2221 1533 2479 1605 Bituri-

361 1648 684 1720 censium
711 1647 1086 1721 dominum
1120 1646 1562 1719 Ludovicum
1586 1662 2043 1735 transmeare,
2064 1670 2147 1719 ea
2173 1648 2245 1719 in
2275 1664 2479 1747 parte

360 1787 502 1860 qua
546 1761 858 1835 confinia
897 1762 1544 1835 Lemovicensium⁸
1579 1762 2135 1854 conterminant,
2182 1762 2279 1835 ad
2322 1789 2475 1837 cas-

359 1892 552 1951 trum
578 1879 910 1952 videlicet
936 1880 1206 1951 Sanctae
1237 1881 1510 1950 Severae
1551 1876 2101 1967 nobilissimum,
2154 1894 2228 1951 et
2264 1880 2479 1953 haere-

360 1993 622 2065 ditaria
679 1994 946 2066 militiae
1006 1994 1452 2093 possessione
1509 1993 1893 2082 famosum,
1952 1994 2193 2092 pedite
2242 1995 2475 2069 multo

361 2106 820 2207 populosum,
855 2108 1376 2207 dominumque
1422 2108 1611 2181 illius
1652 2109 1889 2181 virum
1927 2109 2250 2183 nobilem
2284 2116 2481 2183 Hun-

361 2221 716 2317 baldum⁸‚
771 2240 896 2299 aut
942 2226 1037 2297 ad
1071 2224 1572 2322 exequendum
1609 2224 1961 2321 justitiam
2012 2247 2290 2319 cogere,
2352 2240 2477 2298 aut

353 2338 517 2435 jure
542 2364 676 2439 pro
709 2341 971 2438 injuria
1003 2356 1318 2413 castrum
1351 2340 1502 2435 lege
1534 2340 1761 2411 Salica
1792 2341 2144 2412 amittere.
2170 2342 2478 2435 Rogatus

359 2478 562 2546 vem,
597 2482 744 2529 non
765 2482 936 2530 cum
952 2458 1186 2549 hoste,
1209 2454 1338 2527 sed
1361 2452 1925 2527 domesticorum
1948 2453 2241 2527 militari
2263 2480 2479 2529 manu

359 2568 540 2641 fines
571 2571 737 2643 illos
775 2573 1180 2667 ingressus⁶,
1211 2595 1379 2642 cum
1411 2568 1506 2641 ad
1537 2585 1847 2643 castrum
1879 2568 2269 2662 festinaret,
2304 2594 2481 2669 prae-

361 2684 551 2754 satus
595 2686 1020 2758 castellanus
1076 2683 1302 2757 multa
1361 2684 1616 2758 militia
1652 2685 2033 2757 comitatus
2076 2684 2257 2782 (erat
2286 2687 2477 2759 enim

363 2801 686 2895 generosi
751 2801 1106 2897 sanguinis
1127 2855 1146 2893 ,
1215 2800 1401 2873 bene
1465 2799 1779 2872 liberalis
1830 2815 1901 2873 et
1968 2801 2339 2900 providus)
2410 2801 2474 2875 ei

357 2918 702 3008 occurrit3
737 2917 1117 3014 rivumque
1147 2916 1536 3014 quemdam
1569 2916 1919 3015 repagulis
1950 2936 2023 2989 et
2070 2917 2247 3016 palis
2286 2942 2476 3016 prae·

355 3053 634 3129 ponens
695 3030 927 3129 (nulla
987 3032 1180 3104 enim
1250 3032 1388 3103 alia
1446 3032 1873 3105 succedebat
1916 3034 2089 3131 via),
2139 3034 2475 3107 exercitui

357 3148 796 3221 Francorum
825 3136 1105 3221 resistit.
1125 3152 1452 3246 Cumque
1479 3148 1582 3220 ibi
1615 3148 1973 3223 mediante
2004 3149 2157 3223 rivo
2188 3151 2476 3247 utrique

436 3444 466 3500 1
484 3486 498 3501 .
523 3442 868 3517 Ingloriosos
899 3441 1123 3512 12710,
1152 3441 1336 3517 6265,
1361 3438 1616 3519 itemque
1644 3440 1784 3503 edit.
1815 3442 2013 3503 Germ.

437 3534 500 3595 2.
525 3538 815 3593 Exomm
862 3535 1004 3605 543,
1048 3536 1332 3593 59Ξ5.-
1357 3536 1679 3593 Exhorrent
1715 3538 1855 3609 135,
1901 3539 2081 3607 6265,
2122 3545 2293 3613 atque
2330 3534 2467 3601 edd·

358 3626 557 3690 Germ.
587 3639 649 3685 et
671 3626 884 3689 chesn.

437 3722 495 3784 3.
527 3722 595 3779 ld
617 3734 705 3781 est
728 3720 1256 3800 supplicationibus,
1280 3742 1396 3801 quo
1424 3742 1592 3783 sensu
1611 3740 1811 3783 vocem
1826 3724 2163 3800 supplicium
2184 3737 2468 3805 usurpant

358 3815 544 3873 Varro
561 3856 580 3885 ‚
627 3813 951 3888 Sallustius,
1025 3813 1254 3875 Tacitus
1312 3814 1529 3895 aliique
1580 3813 1787 3896 optimi
1850 3814 2143 3876 latinitatis
2197 3828 2461 3878 auctores

356 3904 646 3989 (Βακὰ).

435 4002 498 4061 4.
536 4000 630 4059 Sic
675 4002 864 4078 6265,
896 4013 1072 4081 atque
1108 4002 1244 4062 edd.
1285 4001 1498 4064 chesn.
1540 4012 1598 4061 et
1627 4000 1850 4064 Bened.
1876 4034 1957 4048 —
1982 4002 2463 4076 Limooicensium,

351 4104 606 4169 quatuor
636 4091 842 4171 reliqui
866 4092 1041 4153 codd.
1071 4112 1138 4153 ae
1165 4093 1258 4153 ed.
1287 4098 1489 4157 Germ.

437 4192 494 4249 5.
534 4186 912 4247 Hunbaudum
933 4190 1114 4249 6265.
1141 4220 1224 4235 --
1245 4188 1625 4247 Heinbaldum
1656 4185 1796 4248 edit.
1827 4188 2019 4249 Germ.

437 4284 500 4342 6.
528 4282 702 4339 Anno
727 4282 884 4341 1107
911 4279 1206 4341 veluus.
