3275 5317
934 564 1059 620 le
1098 566 1200 621 DE
1239 564 1459 622 LOUIS
1498 567 1593 623 LE
1630 568 1846 626 GROS.
2326 572 2440 631 113

332 694 773 792 pervenitur,
798 692 1066 791 absque
1096 694 1429 767 scandalo
1446 710 1518 767 et
1538 696 2084 795 perturbatione
2105 698 2440 795 fratrum,

333 808 506 881 licet
544 834 689 881 non
726 810 1247 903 consueverint,
1282 808 1578 908 pacifice
1614 810 2036 884 constituit¹.
2068 814 2286 911 Cujus
2316 842 2445 889 vo-

335 924 631 997 luntatis
692 924 949 997 divinae
1012 924 1441 1018 efficaciam,
1519 940 1729 999 tantae
1784 926 2167 1021 libertatis,
2239 929 2446 1004 bonae

230 1022 251 1034 ’
332 1037 543 1111 famae
596 1053 669 1110 et
710 1055 1001 1111 terrenae
1039 1040 1417 1139 opulentiae
1448 1040 1826 1115 subsecuta
1878 1059 1985 1116 est
2026 1042 2388 1118 affluentia
2417 1075 2438 1139 3

332 1168 418 1225 ut
447 1154 663 1226 etiam
694 1155 766 1227 in
800 1156 1361 1253 praesentiarum,
1392 1180 1541 1253 quo
1578 1158 1804 1253 magis
1831 1174 2075 1231 nostra
2105 1160 2449 1233 excitetur

332 1269 899 1366 pusillanimitas,
938 1270 1255 1368 quodam
1293 1270 1518 1344 modo
1560 1288 2034 1369 cognoscatur
2076 1299 2212 1347 nos
2251 1276 2449 1374 ipsos

335 1386 913 1458 remuneratione
951 1386 1165 1459 etiam
1210 1387 1587 1485 temporali
1627 1412 2116 1481 remunerare,
2159 1414 2325 1462 cum
2377 1406 2451 1463 et

334 1500 739 1597 apostolici,
798 1526 997 1599 reges
1058 1519 1132 1576 et
1188 1504 1545 1603 principes
1605 1502 2058 1579 felicitatibus
2121 1505 2448 1579 Ecclesiae

336 1615 814 1713 congratulari
867 1615 1196 1709 delectet,
1253 1642 1697 1714 gemmarum
1740 1620 2241 1717 pretiosarum,
2295 1621 2451 1693 auri

336 1746 415 1802 et
440 1734 737 1827 argenti,
786 1732 1165 1831 palliorum
1212 1750 1284 1806 et
1313 1733 1618 1807 aliorum
1653 1735 2284 1809 ecclesiasticorum
2327 1761 2450 1809 or-

335 1863 839 1921 namentorum
911 1849 1273 1922 affluentia
1332 1852 1589 1923 exinde
1661 1852 2039 1943 exuberet,
2101 1868 2185 1925 ut
2255 1869 2451 1926 recte

334 1961 575 2036 dicere
604 1966 967 2039 valeamus
998 1990 1014 2038 ε
1054 1970 1127 2038 V
1118 1982 1417 2039 enerunt
1470 1966 1656 2038 mihi
1681 1972 1922 2039 omnia
1952 1972 2134 2041 bona
2169 1973 2454 2067 pariter

337 2102 503 2148 cum
524 2078 657 2150 illa
673 2083 717 2151 ¹.
757 2085 919 2168 Quo
950 2082 1437 2178 experimento
1455 2082 1794 2187 gloriaei'u
1803 2099 1974 2155 turae
2005 2085 2166 2177 Dei,
2205 2085 2456 2156 fratres

339 2218 778 2267 successores
834 2212 1119 2269 nostros
1189 2195 1621 2269 obtestando
1665 2220 1796 2295 per
1864 2198 1996 2269 Dei
2057 2198 2455 2270 misericor-

339 2305 533 2381 diam
602 2326 673 2382 et
762 2310 1079 2384 terribile
1160 2312 1311 2408 ejus
1380 2311 1738 2407 judicium
1821 2311 2283 2384 sollicitamus
2363 2336 2458 2384 ne

336 2442 653 2499 sanctam
735 2426 1149 2522 religionem
1180 2480 1201 2517 ,
1294 2451 1453 2523 quae
1523 2441 1597 2498 et
1665 2426 1999 2499 homines
2070 2442 2146 2499 et
2221 2430 2458 2499 Deum

337 2542 713 2632 conciliat,
785 2541 1149 2612 confracta
1208 2541 1610 2612 consolidat
1634 2593 1654 2630 ,
1720 2541 1998 2638 perdita
2059 2556 2407 2627 restaurat
2430 2596 2450 2633 ,

334 2670 837 2753 paupertatem
908 2656 1179 2753 opimat
1218 2711 1237 2747 ‚
1311 2671 1665 2753 tepescere
1735 2656 2150 2753 permittant
2195 2685 2212 2729 ε
2287 2658 2457 2755 quia

336 2782 525 2853 sicut
578 2779 997 2851 timentibus
1046 2784 1276 2853 Deum
1318 2778 1496 2851 nihil
1523 2779 1780 2870 deest⁸‚
1812 2806 1959 2852 non
2008 2781 2449 2874 timentibus,

334 2899 555 2969 etiam
599 2893 885 2991 regibus
906 2952 926 2983 ‚
978 2896 1221 2968 omnia
1270 2897 1401 2995 ipsi
1456 2916 1746 2993 quoque
1795 2897 1931 2968 sibi
1982 2896 2349 2971 deficiunt.

436 3016 715 3084 XXVII.
756 3016 1109 3109 Sequente
1138 3012 1381 3109 itaque
1406 3010 1882 3085 ordinationis
1922 3028 2182 3085 nostrae
2230 3038 2450 3103 anm),

336 3151 435 3199 ne
465 3126 968 3224 ingratitudine
1002 3152 1465 3226 argueremur
1507 3128 1780 3225 (sancta
1830 3128 2096 3227 quippe
2154 3154 2452 3203 romana

336 3243 631 3317 ecclesia
652 3259 816 3317 ante
848 3258 1163 3317 nostram
1187 3244 1749 3343 promotionem,
1784 3256 1936 3315 tam
1960 3247 2199 3316 Romae
2234 3268 2456 3343 quam

334 3357 513 3431 alibi
549 3359 793 3431 multis
824 3376 897 3432 et
928 3360 1225 3433 diversis
1260 3358 1603 3451 conciliiS,
1639 3374 1786 3431 tam
1812 3384 1947 3457 pro
1984 3358 2279 3430 ecclesia
2295 3384 2458 3432 nos-

334 3486 457 3544 tra
486 3496 698 3569 quam
744 3498 876 3571 pro
910 3473 1063 3545 aliis
1107 3488 1433 3568 agentem
1475 3471 1783 3567 benigne
1833 3487 2263 3569 susceperat,
2300 3496 2456 3568 gra-

336 3600 577 3661 tanter
638 3587 1096 3661 disserentem
1139 3588 1483 3681 audierat,
1542 3587 1826 3683 negotia
1880 3599 2124 3657 nostra
2171 3610 2286 3655 me
2349 3583 2453 3657 al-

431 3813 491 3872 1.
542 3815 713 3871 Anno
754 3816 937 3885 1123,
989 3809 1159 3891 juxta
1210 3809 1441 3872 Guillel.
1492 3813 1677 3888 Nang.
1713 3806 2024 3881 chronica;
2065 3809 2244 3883 1127,
2289 3805 2460 3889 juxta

336 3901 725 3977 remanum,
751 3904 913 3987 cujus
932 3904 1289 3987 probabilior
1322 3903 1625 3976 sententia,
1652 3901 2061 3961 monasterium
2097 3899 2292 3964 Sancti
2319 3901 2462 3962 Dio·

338 3993 502 4072 nysii
524 3994 856 4057 reformavit
880 3998 1176 4076 sugerius.
1202 4002 1291 4057 De
1313 3996 1427 4057 hoc
1442 3996 1519 4057 cf,
1543 3999 1606 4059 S.
1622 3992 1903 4054 Bernardi
1920 3991 2224 4073 epistolam
2235 3994 2336 4056 78.

430 4090 493 4149 2.
520 4089 647 4150 Lib.
681 4090 967 4172 sapient„
996 4112 1101 4164 vn,
1130 4096 1231 4153 11.

432 4188 491 4242 3.
550 4181 767 4243 Alludit
821 4182 1095 4263 sugerius
1146 4183 1337 4245 verbis
1389 4182 1552 4244 Pauli
1610 4196 1824 4265 apost„
1879 4181 2068 4262 Epist.
2126 4178 2203 4241 ad
2257 4181 2464 4258 Rom„

340 4298 475 4350 vm,
496 4278 597 4339 28.

2189 4382 2226 4438 8
