3275 5317
902 574 1021 629 244
1331 570 1658 627 OEuvnns
1699 552 2126 627 contemnis
2159 570 2262 626 DE
2303 564 2572 628 sUGER.

902 702 1062 774 buit
1085 699 1566 800 primordium
1601 700 1716 771 bic
1751 715 2009 772 motus,
2043 698 2205 771 Ille¹
2239 698 2541 797 pedibus
2579 715 2652 770 et
2680 694 2988 769 manibus

900 830 1144 889 movet
1186 814 1590 906 ecclesiam3
1655 815 1999 911 inquietat
2058 830 2140 887 ut
2188 814 2646 912 inquietetur,
2703 814 2894 913 pacis
2935 828 2991 884 et

900 930 1157 1028 quietis
1204 930 1509 1026 ignarus,
1564 930 1833 999 Cantor
1886 929 2214 1026 praesatus
2269 929 2602 1023 injuriam
2651 928 2990 1025 aliquanto

899 1045 1203 1143 quietius
1226 1044 1604 1134 sustinenS,
1640 1058 1786 1115 tam
1815 1066 1945 1140 per
1970 1042 2346 1115 dominum
2380 1044 2795 1140 episcopum
2830 1044 2992 1112 Pari-

897 1162 1199 1232 siensem
1224 1183 1445 1255 quam
1472 1182 1599 1257 per
1630 1158 2022 1257 capitulum
2059 1158 2394 1247 ecclesiae,
2432 1172 2584 1230 tam
2615 1182 2743 1255 per
2777 1156 2988 1229 domi-

897 1304 1070 1349 num
1096 1260 1782 1349 Autissiodorensem
1822 1300 2038 1373 quam
2081 1276 2686 1364 Suessionensem,
2721 1299 2852 1373 per
2877 1301 2990 1346 nos

896 1394 1109 1465 etiam
1145 1406 1217 1464 et
1256 1417 1386 1491 per
1422 1390 1597 1463 alios
1628 1391 1894 1463 multos
1945 1390 2040 1463 ad
2089 1391 2436 1487 justitiam
2491 1390 2886 1463 faciendam
2931 1404 2988 1461 et

896 1506 1444 1606 suscipiendam,
1482 1532 1573 1577 ne
1606 1506 2031 1579 indiscretus
2063 1506 2447 1596 videretur,
2477 1504 2736 1577 crebro
2769 1532 2846 1577 se
2873 1506 2988 1577 oh·

898 1623 1056 1695 tulit
1090 1651 1104 1693 :
1144 1638 1214 1695 et
1242 1622 1658 1719 proniorem
1684 1622 1776 1693 ad
1799 1623 1993 1719 pacis
2017 1622 2614 1720 compositionem
2637 1637 2710 1694 et
2726 1622 2988 1717 justitiae

894 1739 1381 1811 executionem
1418 1736 1826 1809 audivimus
1858 1762 2025 1808 eum
2053 1739 2178 1835 qui
2205 1760 2448 1835 passus
2471 1752 2604 1825 est,
2640 1761 2862 1833 quam
2885 1736 2985 1833 qui

892 1853 1059 1923 fecit
1083 1851 1441 1947 injuriam.
1470 1856 1613 1923 Nec
1640 1851 1782 1924 hoc
1810 1853 2047 1923 solum
2074 1868 2198 1923 aut
2229 1855 2540 1951 primum
2569 1852 2844 1924 factum
2871 1866 2982 1937 est,

890 1970 1071 2064 quo'
1110 1968 1575 2040 Parisiensem
1621 1967 1989 2039 ecclesiam
2027 1966 2248 2039 modo
2295 1966 2734 2063 generaliter,
2789 1967 2984 2039 modo

888 2082 1379 2179 personaliter,
1428 2084 1611 2155 sicut
1643 2080 2152 2154 indiscretione
2193 2083 2491 2181 rapitur,
2537 2106 2796 2154 vexare
2833 2106 2980 2153 eon·

892 2196 1119 2268 suevit
1158 2224 1177 2267 z
1220 2221 1377 2294 quae
1423 2198 1664 2269 omnia
1707 2198 1766 2269 si
1818 2197 2248 2269 referrentur
2289 2196 2382 2269 ad
2426 2223 2582 2288 νος,
2645 2198 2982 2271 fastidium

892 2328 1338 2408 generarent.

992 2427 1268 2499 Placeat
1310 2427 1523 2523 igitur
1572 2444 1828 2501 sanctae
1877 2428 2280 2500 Paternitati
2331 2442 2604 2519 vestrae,
2653 2426 2748 2499 ad
2794 2454 2982 2527 quam

890 2542 1131 2615 omnia
1158 2558 1426 2641 spectat
1462 2544 1842 2639 corrigere,
1885 2558 2189 2633 mutare,
2235 2566 2524 2615 movere
2567 2543 2788 2638 (oculi
2821 2548 2979 2615 enim

890 2660 1204 2729 omnium
1240 2660 1315 2729 in
1336 2675 1401 2729 te
1416 2676 1740 2755 sperant,
1772 2658 2144 2752 domine⁸),
2169 2658 2405 2730 taliter
2430 2657 2670 2729 eidem
2695 2661 2982 2733 ecclesiae

887 2771 1298 2871 providere,
1342 2797 1435 2846 ne
1474 2772 1544 2844 in
1582 2773 1869 2846 defectu
1913 2774 2164 2845 decani
2210 2775 2402 2845 intus
2449 2789 2522 2846 et
2569 2774 2742 2847 foris
2790 2776 2981 2875 depe·

887 2904 1067 2979 reat,
1107 2912 1199 2959 ne
1231 2887 1493 2959 nobilis
1532 2888 1826 2961 ecclesia
1869 2890 2267 2961 parisiensis
2301 2888 2562 2960 afflicta
2593 2888 2978 2985 degeneret,

887 3028 1005 3091 ne,
1056 3027 1223 3075 cum
1269 3028 1415 3075 non
1459 3018 1817 3103 oporteat,
1887 3005 2015 3076 viri
2065 3004 2252 3077 illius
2291 3006 2666 3076 occasione
2703 3008 2984 3079 omnino

888 3116 1219 3189 declinet.
1266 3122 1443 3191 Sero
1496 3120 1812 3192 fortassis
1865 3120 2016 3217 ejus
2069 3118 2500 3192 restitutioni
2543 3146 2850 3195 manum
2893 3146 2982 3193 re-

888 3231 1129 3303 feretis
1145 3236 1193 3306 ⁸.

969 3456 1027 3515 1.
1079 3456 1199 3510 Hoc
1252 3451 1448 3511 habuit
1492 3456 1871 3530 primordium
1885 3474 1909 3525 ‚·
1960 3454 2062 3511 hoc
2110 3468 2286 3511 motas
2328 3457 2427 3511 ille
2481 3448 2808 3514 anteriores
2861 3454 2982 3513 edd.

885 3541 1315 3603 Correctionem
1389 3542 1733 3623 adoptamus
1797 3564 1972 3624 quam
2039 3545 2394 3605 Benedictini
2458 3559 2890 3627 proposuerunt
2935 3545 2988 3605 in

881 3635 1365 3697 adnotationibus.

966 3736 1023 3793 2.
1058 3736 1274 3792 Forsan
1302 3739 1438 3809 quin
1468 3732 1768 3814 (Bened.).
1813 3766 1894 3779 —
1920 3740 1980 3794 3.
2031 3734 2238 3795 Psalm.
2267 3756 2458 3811 cmv,
2493 3738 2585 3797 16.

966 3826 1023 3880 4.
1056 3824 1141 3881 Ex
1167 3824 1432 3901 Chesni0,
1460 3829 1554 3901 tv,
1579 3825 2046 3900 513.—Bulaeo‚
2063 3832 2214 3887 Hm.
2238 3830 2402 3887 Unio.
2419 3832 2734 3909 Paris.,11,
2759 3835 2906 3892 248.
2923 3864 2987 3877 -

880 3922 1087 3975 Rerum
1130 3922 1467 3993 gallicarum
1508 3926 1798 3995 sempron,
1831 3923 1960 3995 XV,
2013 3924 2150 3979 488.
2205 3924 2272 3979 In
2324 3920 2526 3980 litteris
2572 3924 2646 3981 ad
2691 3926 2986 4003 Sugerium

882 4010 1129 4090 scriptis,
1160 4018 1321 4072 sexta
1345 4013 1441 4072 die
1472 4012 1724 4073 octobris
1763 4032 1858 4073 an.
1901 4018 2054 4073 1147
2094 4014 2286 4088 (ibim,
2315 4018 2483 4095 447),
2513 4019 2784 4095 promisit
2811 4024 2988 4096 Euge-

880 4106 1011 4163 nius
1046 4123 1197 4183 papa
1246 4105 1379 4166 huic
1420 4106 1654 4184 negotio
1689 4126 1925 4186 operam
1980 4107 2140 4167 dare.
2187 4114 2263 4167 At
2303 4108 2557 4169 nescitur
2607 4112 2754 4189 quid
2795 4114 2982 4193 poste-'a

879 4195 1281 4258 deliberaverit
1320 4200 1392 4259 de
1435 4200 1545 4259 isto
1584 4201 1826 4273 decano,
1877 4200 1978 4280 qui
2023 4200 2283 4261 Clemens
2329 4202 2644 4262 vocabatur
2689 4219 2752 4264 et
2803 4207 2980 4267 adhuc

880 4288 1131 4367 capitulo
1157 4306 1398 4371 praeerat
1440 4312 1593 4352 anno
1634 4298 1808 4369 1164,
1834 4305 1899 4353 ut
1916 4293 2194 4353 adnotant
2215 4294 2508 4355 Benedict.
