3275 5317
771 530 885 586 136
1205 526 1532 606 muyans
1572 506 1992 583 commi-as
2033 524 2134 580 DE
2173 524 2442 584 susan.

766 660 1007 755 regina
1029 674 1099 731 et
1132 656 1293 728 filiis
1323 658 1387 728 ei
1426 678 1833 746 occurrens,
1860 653 2178 727 nobilem
2207 669 2281 727 et
2305 654 2710 729 diademate
2747 681 2870 728 sae·

770 780 931 877 pius
996 791 1421 849 coronatum
1474 777 1817 848 verticem
1862 790 2205 872 tanquam
2262 775 2357 847 ad
2419 775 2874 874 sepulchrum

770 895 961 965 Petri
1016 892 1391 980 inclinans,
1442 889 1748 989 pedibus
1786 890 1936 987 ejus
1965 888 2406 987 procumbit.
2444 889 2878 963 catholicum

770 1008 1108 1080 affectum
1143 1022 1216 1079 et
1251 1004 1495 1079 devoti
1522 1006 1790 1078 servitii
1821 1004 2156 1079 effectum
2181 1005 2247 1076 ei
2277 1020 2350 1077 et
2374 1004 2700 1077 Ecclesiae
2723 1029 2882 1103 pro-

766 1123 1018 1195 mittit.
1057 1123 1270 1220 Cujus
1288 1120 1613 1219 exemplo
1632 1136 1704 1192 et
1721 1145 1842 1193 rex
1869 1120 2127 1215 Angliae
2153 1120 2500 1192 Henricus
2525 1122 2590 1192 ei
2615 1124 2878 1193 Carno-

768 1252 923 1310 tum
960 1261 1369 1328 occurrenS‚
1404 1236 1858 1308 devotissime
1916 1234 2222 1334 pedibus
2276 1236 2427 1331 ejus
2451 1250 2872 1335 prostratuS,

770 1353 1085 1424 votivam
1119 1354 1227 1424 sui
1268 1375 1709 1447 suorumque
1743 1351 2031 1423 interra
2063 1374 2187 1422 sua
2221 1350 2773 1450 susceptionem,
2805 1364 2877 1421 et

769 1466 1193 1540 obedientias
1242 1466 1471 1539 filialis
1516 1466 1870 1565 promittit
1912 1464 2459 1564 plenitudinem.
2509 1464 2878 1538 Visitando

768 1583 1012 1679 itaque
1066 1582 1508 1677 gallicanam,
1558 1582 1744 1653 sicut
1777 1604 1892 1651 res
1923 1578 2283 1675 exigebat,
2331 1579 2742 1669 Ecclesiam,
2783 1579 2880 1652 ad

768 1712 1005 1797 partes
1032 1723 1107 1770 se
1136 1697 1468 1770 transfert
1492 1695 2118 1790 Lotharingorum.
2145 1696 2278 1767 Cui
2299 1719 2466 1767 cum
2492 1696 2882 1793 imperator

772 1813 1169 1885 Lotharius¹
1202 1813 1480 1884 civitate
1533 1812 1807 1902 Leodii‚
1867 1836 2035 1883 cum
2084 1835 2346 1906 magno
2403 1810 2878 1909 archiepisco-

768 1953 1035 2028 porum
1052 1942 1121 2000 et
1146 1931 1648 2027 episcoporum
1685 1941 1758 1999 et
1791 1927 2189 1999 theutonici
2217 1926 2414 2021 regni
2449 1926 2880 2024 optimatum

771 2043 1100 2138 collegiO,
1155 2041 1615 2115 celeberrime
1662 2042 2089 2115 occurrisset
2109 2098 2128 2133 ,
2171 2043 2244 2113 in
2278 2041 2512 2139 platea
2541 2058 2710 2113 ante
2740 2042 2885 2139 epi-

770 2160 1127 2258 scopalem
1160 2158 1529 2231 ecclesiam
1544 2158 1951 2231 humillime
1977 2156 2289 2255 seipsum
2315 2171 2697 2229 stratorem
2716 2156 2887 2229 offe·

774 2298 964 2364 renS,
1017 2273 1234 2371 pedes
1280 2296 1410 2370 per
1446 2273 1768 2346 medium
1804 2288 2060 2345 sanctae
2089 2274 2564 2371 processionis
2591 2273 2687 2345 ad
2717 2298 2884 2345 eum

772 2388 1078 2477 festinat,
1116 2387 1249 2460 alia
1291 2412 1511 2459 manu
1543 2390 1816 2483 virgam
1856 2388 1951 2460 ad
1989 2386 2547 2477 defendendum,
2589 2388 2729 2460 alia
2755 2388 2886 2460 fre-

774 2526 950 2573 num
985 2500 1133 2574 albi
1168 2504 1331 2600 equi
1356 2504 1736 2600 accipienS,
1783 2518 2127 2600 tanquam
2165 2503 2543 2576 dominum
2573 2503 2884 2575 deduce-

773 2616 921 2689 bat.
952 2617 1446 2691 Descendente
1473 2643 1639 2690 vero
1661 2633 1812 2691 tota
1841 2620 2170 2709 statione,
2195 2644 2359 2691 eum
2381 2617 2884 2717 suppodiando

775 2730 1177 2831 deportanS,
1202 2732 1697 2806 celsitudinem
1727 2735 2168 2831 paternitatis
2187 2734 2248 2831 ej
2257 2760 2339 2807 us
2371 2734 2562 2807 notis
2593 2749 2665 2806 et
2688 2733 2884 2830 igno·

774 2848 865 2919 tis
907 2847 1343 2921 clarificavit.

878 2964 1057 3033 Pace
1088 2964 1327 3060 itaque
1352 2964 1633 3061 imperii
1656 2978 1727 3035 et
1749 2963 2070 3036 Ecclesiae
2087 2963 2594 3055 coufoederata,
2626 2965 2890 3039 instan-

777 3089 929 3147 tem
979 3080 1201 3149 sancti
1254 3078 1533 3151 Paschae
1574 3080 1771 3152 diem
1817 3078 2010 3177 apud
2054 3104 2185 3153 nos
2233 3081 2309 3151 in
2357 3080 2648 3151 ecclesia
2698 3080 2892 3153 beati

785 3190 1107 3286 Dionysii
1137 3206 1479 3291 tanquam
1521 3195 1807 3293 speciali
1839 3194 1980 3265 filia
2003 3194 2291 3267 affectat
2320 3194 2706 3269 celebrare.
2749 3201 2894 3268 Nos

783 3319 1023 3377 autem
1050 3306 1148 3377 ob
1172 3309 1508 3381 timorem
1536 3310 1668 3382 Dei
1689 3325 1759 3382 et
1777 3310 2126 3401 Ecclesiae,
2150 3310 2396 3383 matris
2423 3326 2495 3382 et
2527 3309 2710 3403 filiae,
2739 3335 2896 3406 gra-

785 3432 1014 3491 tanter
1026 3419 1252 3517 pridie
1266 3404 1497 3495 Ctenae
1523 3424 1814 3495 Domini
1838 3425 2319 3521 suscipientes,
2349 3424 2896 3497 celeberrimam

780 3536 935 3606 Deo
955 3549 1028 3606 et
1046 3532 1458 3610 hominibus
1469 3539 1913 3637 proferentes
1931 3540 2481 3636 processionem,
2497 3542 2759 3613 advent
2767 3566 2894 3611 um

783 3650 933 3745 ejus
992 3649 1153 3722 odis
1197 3652 1646 3727 exultationis
1687 3652 2147 3725 collaetantes·
2199 3655 2577 3753 amplexati
2618 3680 2894 3727 sumus·

782 3770 1001 3839 Coena
1046 3792 1213 3865 ergo
1250 3771 1541 3842 Domini
1571 3769 1768 3867 apud
1803 3794 1936 3843 nos
1975 3794 2180 3842 more
2237 3796 2539 3845 romano
2587 3786 2660 3847 et
2695 3796 2883 3843 sum-

778 4031 921 4180 “1⁹¹⁸
943 4030 1049 4181 ἑὼ
1084 4028 1220 4091 edd.
1259 4029 1466 4093 Chesn.
1508 4042 1566 4089 et
1617 4030 1910 4091 Benedict.
1945 4064 2026 4079 —
2063 4033 2341 4093 Laberius
2379 4030 2550 4091 codd.
2587 4050 2788 4091 omnes
2821 4052 2894 4092 ac

852 4132 915 4181 it.
996 4140 1145 4183 erm.

860 4217 919 4273 2.
950 4214 1045 4274 sic
1072 4217 1267 4275 12710
1296 4234 1365 4275 ac
1391 4217 1570 4277 6265.
1601 4250 1682 4262 —
1712 4220 2082 4277 collectantes
2107 4218 2206 4277 alii
2233 4218 2405 4279 codd.
2439 4230 2499 4279 et
2528 4220 2662 4280 edd.
