3275 5317
926 576 1041 633 226
1361 572 1688 631 OEnvnns
1729 554 2162 629 comptizms
2203 569 2306 627 m:
2347 568 2610 627 suom.

921 703 1309 792 dominica,
1347 702 1835 774 ordinavimus
1857 701 2296 775 ornamentis
2318 700 2684 792 decoram,
2715 705 3032 799 personis

919 820 1280 893 celebrem
1313 818 1868 916 processionem.
1906 818 2098 904 Quin
2138 817 2356 891 etiam
2385 818 2720 891 manibus
2763 819 3032 917 episco-

916 962 1175 1037 porum
1210 952 1283 1008 et
1315 936 1667 1007 abbatum
1689 934 1987 1031 insignia
2013 934 2408 1007 Dominicae
2439 936 2818 1027 Passionis,
2850 936 3038 1007 vide·

918 1054 1083 1126 licet
1110 1052 1393 1125 clavum
1423 1066 1495 1123 et
1526 1074 1873 1123 coronam
1915 1050 2233 1141 Domini,
2281 1065 2352 1122 et
2388 1049 2768 1123 brachium
2817 1052 3038 1123 sancti

914 1169 1099 1241 senis
1129 1166 1511 1257 SimeoniS,
1562 1180 1635 1238 et
1675 1163 1807 1235 alia
1846 1179 2252 1237 sanctarum
2295 1165 2760 1264 reliquiarum
2793 1181 3038 1264 patro-

920 1284 1105 1357 cinia
1148 1281 1597 1380 praeferentes
1622 1334 1641 1369 ,
1699 1279 1791 1352 ad
1833 1278 2116 1353 defossa
2163 1280 2502 1353 faciendis
2556 1280 3040 1357 fundamentis

909 1412 1308 1497 praeparata
1324 1395 1481 1468 loca
1510 1394 1882 1466 humiliter
1904 1410 1976 1467 et
2007 1394 2265 1468 devote
2293 1395 2820 1469 descendimus.
2863 1398 3040 1469 Dein

904 1510 1250 1613 paraclyti
1284 1512 1588 1610 Spiritus
1623 1509 1850 1582 sancti
1877 1510 2368 1585 consolatione
2403 1512 2756 1603 invocata,
2797 1528 2881 1585 ut
2911 1512 3039 1585 bo·

910 1653 1091 1703 num
1131 1629 1392 1701 domus
1444 1628 1575 1698 Dei
1632 1627 2062 1725 principium
2095 1625 2293 1699 bono
2349 1627 2494 1698 fine
2545 1627 3030 1717 concluderet,

914 1768 1082 1815 cum
1112 1744 1432 1840 primum
1463 1742 1598 1839 ipsi
1632 1742 1950 1840 episcopi
1987 1768 2073 1813 ex
2103 1768 2286 1840 aqua
2321 1740 2702 1815 benedicta
2749 1743 3034 1817 dedica·

911 1858 1127 1931 tionis
1142 1857 1369 1946 factae,
1396 1856 1725 1955 proximo
1747 1858 2005 1954 quinto
2030 1856 2190 1930 idus
2218 1858 2429 1956 junii,
2457 1859 2771 1957 propriis
2796 1858 3030 1932 confe-

911 1973 1171 2046 cissent
1228 1970 1562 2044 manibus
1594 1986 2034 2063 cementum,
2071 1974 2346 2071 primos
2378 1972 2650 2072 lapides
2679 1975 3026 2075 imposue-

860 2092 867 2101 ’
909 2103 1115 2182 runt,
1164 2088 1519 2187 hymnum
1580 2091 1734 2159 Deo
1789 2085 2131 2178 dicenteS,
2179 2084 2250 2160 et
2305 2088 2804 2161 Fundamenta
2849 2088 3018 2188 ejus¹

910 2231 1138 2304 usque
1182 2204 1277 2277 ad
1319 2205 1540 2278 finem
1596 2204 1852 2303 psalmi
1909 2203 2331 2277 solemniter
2357 2202 2847 2279 decantantes.
2877 2211 3018 2304 lpse

911 2324 1105 2395 enim
1138 2322 1624 2395 serenissimus
1657 2344 1776 2391 rex
1807 2320 2000 2391 intus
2029 2317 2464 2392 descendens
2484 2322 2798 2419 propriis
2817 2322 3020 2393 mani·

912 2437 1049 2509 bus
1070 2463 1281 2523 suum
1308 2436 1683 2535 imposuit3
1710 2460 1843 2509 nos
1861 2460 2178 2535 quoque,
2198 2452 2272 2509 et
2290 2436 2495 2509 multi
2516 2438 2640 2509 alii
2661 2452 2812 2513 tam
2827 2436 3018 2509 abba·

912 2570 1019 2627 tes
1082 2578 1303 2651 quam
1373 2552 1680 2649 religiosi
1746 2551 1882 2624 viri
1948 2549 2219 2649 lapides
2278 2574 2445 2623 suos
2493 2553 3014 2650 imposuerunt3

910 2668 1209 2767 quidam
1223 2669 1442 2740 etiam
1466 2662 1807 2765 gemmaS,
1827 2665 1927 2757 ob
1949 2691 2269 2739 amorem
2285 2680 2355 2739 et
2374 2670 2854 2741 reverentiam
2871 2675 3016 2741 Jesu

913 2783 1197 2869 Christi,
1229 2784 1728 2857 decantantes:
1764 2781 2061 2880 Lapides
2075 2784 2394 2881 preciosi
2416 2808 2663 2855 omnes
2689 2788 2888 2856 muri
2903 2786 3007 2857 tui.

912 2904 1056 2972 Nos
1098 2900 1312 2997 igitur
1345 2914 1544 2973 tanta
1584 2914 1658 2972 et
1681 2913 1832 2971 tam
1867 2898 2115 2970 festiva
2144 2912 2290 2969 tam
2323 2900 2544 2972 sancti
2583 2898 3014 2971 fundamenti

910 3016 1263 3113 positione
1281 3014 1674 3105 exhilarati,
1715 3014 1806 3088 de
1833 3012 2247 3114 peragendo
2277 3012 2589 3107 solliciti,
2621 3018 3014 3088 varietatem

908 3145 1343 3229 temporum,
1392 3130 1946 3203 diminutionem
1981 3152 2476 3228 personarum,
2531 3146 2606 3202 et
2637 3134 2787 3204 mel
2817 3131 3014 3231 ipsius

908 3245 1267 3319 defectum
1310 3246 1918 3345 pertimescenteS‚
1957 3246 2329 3317 communi
2363 3246 2670 3319 fratrum
2701 3246 3008 3329 consilio,

902 3360 1378 3433 assistentium
1415 3362 1906 3461 persuasione,
1941 3359 2223 3435 domini
2255 3361 2438 3457 regis
2469 3386 2795 3454 assensu,
2819 3384 3014 3433 anna-

910 3476 1053 3549 lem
1084 3475 1446 3550 redditum
1488 3476 1602 3550 his
1647 3474 2014 3575 explendis
2059 3475 2585 3568 constituimus,
2659 3476 3012 3550 videlicet:

904 3606 1192 3665 centum
1266 3593 1782 3691 quinquaginta
1819 3592 2036 3665 libras
2081 3591 2174 3664 de
2215 3591 2654 3688 gazofilaciO,
2690 3593 2771 3666 id
2807 3606 2908 3665 est
2935 3590 3018 3663 de

904 3708 1395 3783 oblationibus
1428 3708 1666 3781 altaris
1695 3723 1768 3779 et
1792 3707 2290 3805 reliquiarum,
2325 3722 2615 3780 centum
2650 3708 2724 3779 in
2755 3707 3017 3781 Indicio

904 3837 974 3896 et
1021 3825 1535 3922 quinquaginta
1586 3826 1661 3896 in
1721 3824 1901 3895 festo
1959 3824 2184 3896 sancti
2239 3823 2605 3921 Dionysii3
2675 3824 3018 3923 quinqua·

905 3940 1097 4023 ginta
1142 3940 1356 4011 etiam
1400 3936 1490 4009 de
1545 3937 1986 4036 possessione
2034 3938 2166 4010 sita
2199 3938 2270 4009 in
2318 3938 2538 4027 Belsa,
2577 3964 2742 4037 quae
2769 3939 3020 4013 dicitur

911 4054 1208 4147 villana,
1236 4054 1435 4153 prius
1461 4054 1755 4144 inculta,
1795 4052 1922 4126 sed
1953 4054 2214 4126 auxilio
2240 4054 2370 4125 Dei
2403 4068 2477 4126 et
2503 4070 2768 4127 nostro
2791 4056 3018 4129 labore

986 4284 1007 4334 1
1026 4322 1043 4340 .
1059 4280 1268 4339 Psalm.
1307 4300 1547 4340 mxxxvi.
