3275 5317
839 561 913 617 ει
1274 555 1601 616 oeuvnsss
1643 535 2066 613 commiss
2105 553 2206 610 DE
2247 551 2519 610 svesa.

937 692 1086 762 XX.
1118 692 1175 760 N
1182 711 1505 778 ecmora,
1536 711 1706 758 cum
1732 684 2045 758 necdum
2075 683 2552 780 congelatum,
2573 681 2700 754 sed
2735 681 2954 780 liqui-

832 807 1011 879 dum
1040 818 1113 876 et
1134 827 1381 875 recens
1418 800 1657 873 adhuc
1689 815 2212 875 sacramentum
2253 796 2688 890 floccifieret,
2709 801 2946 894 Hugo,

826 920 1041 1014 longa
1074 932 1523 1016 exasperatus
1566 917 1922 1016 captione,
1958 917 2179 989 instar
2209 916 2405 988 canis
2450 914 2572 986 diu
2611 915 2949 1004 catenati,

828 1038 981 1134 qui,
1008 1048 1355 1132 concepta
1397 1047 1471 1105 et
1519 1048 1796 1104 retenta
1820 1035 1841 1071 ¹
1881 1031 2098 1128 longo
2153 1047 2476 1130 tempore
2534 1030 2608 1100 in
2647 1029 2950 1102 vinculis

702 1203 706 1213 -
824 1150 1125 1241 insania,
1186 1149 1457 1222 solutus
1524 1145 2068 1220 intolerabiliter
2114 1147 2427 1238 desaevit,
2501 1159 2951 1218 excatenatus

824 1265 1109 1339 mordet
1165 1279 1238 1336 et
1298 1263 1660 1361 discerpit,
1745 1261 1939 1334 haud
1996 1287 2198 1334 secus
2255 1267 2319 1334 H
2327 1286 2462 1358 ugo
2503 1261 2946 1357 congelatam

823 1380 1281 1478 liquefaciens
1310 1378 1729 1475 nequitiam,
1765 1377 2110 1470 stimulat,
2147 1392 2422 1470 movet,
2475 1375 2567 1448 ad
2617 1376 2946 1449 fraudem

826 1496 1198 1569 accelerat.
1228 1493 1769 1568 confoederatus
1801 1494 2016 1590 igitur
2063 1495 2266 1590 regni
2320 1491 2801 1583 defoederatis,
2839 1493 2945 1563 vi-

824 1611 1084 1686 delicet
1117 1611 1435 1684 Palatino
1468 1610 1718 1683 comiti
1746 1609 2162 1682 Theobaldo
2195 1625 2268 1683 et
2300 1610 2579 1707 egregio
2610 1611 2760 1704 regi
2793 1611 2946 1682 An-

825 1727 1106 1824 glorum
1138 1727 1475 1816 Henrico,
1514 1749 1682 1796 cum
1715 1723 2092 1796 dominum
2126 1748 2369 1820 regem
2397 1723 2840 1796 Ludovieum
2868 1724 2942 1795 in

822 1841 1233 1913 Flandriam
1258 1864 1391 1937 pro
1420 1841 1622 1935 regni
1652 1841 1954 1934 negotiis
1985 1840 2479 1937 profecturum
2517 1841 2941 1938 accepisset,

824 1951 1129 2026 collecto
1184 1966 1769 2047 quantocumque
1827 1953 2153 2048 equitum
2203 1966 2278 2023 et
2337 1951 2664 2049 peditum
2706 1951 2944 2049 potuit

825 2067 1162 2160 exercitu,
1194 2064 1573 2139 Puteolum
1600 2079 1911 2138 castrum
1945 2068 2318 2139 restituere
2348 2065 2721 2154 deliberat,
2757 2065 2941 2162 adja-

822 2198 1105 2256 centem
1158 2206 1421 2280 pagum
1472 2194 1596 2252 aut
1655 2205 1988 2254 eversum
2061 2183 2146 2254 iri
2207 2197 2332 2254 aut
2393 2180 2529 2253 sibi
2589 2181 2942 2278 subjicere

825 2312 1157 2371 maturat.
1191 2296 1565 2368 Transiens
1604 2294 1822 2390 igitur
1878 2295 2199 2392 quodam
2234 2295 2532 2369 sabbato
2563 2321 2694 2394 per
2745 2321 2942 2369 ever·

821 2438 983 2487 sum
1022 2427 1362 2501 castrum,
1394 2410 1523 2482 ubi
1550 2424 1792 2482 tamen
1827 2410 2202 2507 publicum
2251 2411 2431 2508 regis
2474 2410 2941 2508 permissione

819 2525 1110 2626 patebat
1148 2524 1415 2616 forum,
1457 2522 1765 2596 mirabili
1809 2523 2061 2596 fraude
2094 2525 2214 2596 hic
2251 2525 2729 2616 securitatem,
2762 2549 2940 2624 prae-

822 2666 1003 2715 cone
1036 2641 1489 2730 vociferante,
1511 2639 1974 2735 jurejurando
1999 2639 2421 2738 spondebat,
2458 2639 2732 2713 ibidem
2759 2665 2940 2738 quos

822 2755 1117 2829 ditiores
1146 2754 1515 2827 addiscere
1543 2757 1567 2791 ¹
1604 2768 1883 2850 poterat
1911 2753 2280 2853 inopinato
2307 2757 2573 2828 carceri
2601 2755 2938 2828 detrude·
2983 2741 2986 2744 ⁹

820 2868 997 2962 bat3
1061 2884 1135 2942 et
1178 2884 1258 2940 ut
1295 2867 1539 2940 bellua
1592 2865 1954 2958 frendens,
2010 2884 2083 2941 et
2125 2869 2468 2969 quicquid
2516 2870 2945 2944 occurrebat

822 2983 1225 3082 discerpens
1242 3037 1261 3074 ,
1309 2983 1731 3054 Tauriacum
1787 2982 2033 3055 villam
2092 2985 2284 3058 beati
2343 2987 2663 3082 Dionysii
2704 2986 2944 3058 muni·

820 3111 971 3171 tam
1002 3123 1169 3170 cum
1197 3098 1461 3170 comite
1490 3095 1906 3169 Theobaldo
1939 3098 2375 3173 subvertere⁸
2397 3102 2720 3176 funditus
2752 3103 2947 3174 festi-

822 3228 971 3285 nat.
989 3215 1127 3301 Qui
1142 3211 1374 3312 pridie
1391 3236 1527 3284 nos
1548 3213 2003 3306 conveniens,
2020 3214 2173 3288 doli
2189 3233 2259 3288 et
2281 3219 2616 3315 nequitiae
2647 3243 2938 3315 gnarus,

820 3325 1049 3400 multa
1109 3351 1326 3427 prece
1372 3341 1455 3398 ut
1502 3351 1637 3424 pro
1697 3351 1786 3400 eo
1848 3326 1940 3399 ad
1991 3328 2374 3404 dominum
2413 3357 2651 3428 regem
2714 3333 2944 3406 inter-

822 3442 1075 3516 cedere
1138 3442 1393 3516 eadem
1452 3441 1570 3515 die
1609 3443 2071 3516 transiremus
2115 3446 2524 3521 obtinuerat
2547 3503 2566 3539 ‚
2618 3448 2942 3522 absentia

819 3564 1053 3632 nostri
1108 3558 1351 3632 villam
1409 3558 1681 3655 absque
1736 3557 2159 3633 difficultate
2211 3563 2590 3637 arbitratus
2629 3564 2936 3663 ing-redi,

820 3689 971 3766 aut,
1008 3676 1065 3747 si
1090 3676 1157 3747 ei
1184 3675 1556 3764 resistitur,
1594 3674 1891 3748 omnino
1913 3675 2453 3753 delere.Verum
2471 3681 2600 3778 qui
2631 3682 2708 3754 in
2733 3697 2938 3782 parte

904 3891 933 3945 1
948 3929 961 3948 .
990 3889 1226 3945 Retenta
1254 3898 1415 3965 quat.
1453 3885 1702 3960 codices,
1743 3885 1996 3966 itemque
2035 3891 2173 3950 edd.
2213 3893 2412 3955 Germ.
2439 3905 2498 3954 et
2532 3893 2830 3956 Benedict.
2854 3927 2942 3942 —

820 3985 1061 4058 Recepta
1084 3983 1260 4043 6265.
1291 4015 1373 4027 —
1404 3985 1577 4040 Tenta
1609 3980 1750 4040 edit.
1782 3982 1997 4046 Chesn.

898 4079 958 4138 2.
988 4081 1266 4136 Addicere
1294 4081 1513 4138 ¹2710.

901 4173 960 4232 3.
1002 4169 1095 4230 Sic
1134 4169 1361 4230 codices
1402 4187 1601 4229 omnes
1636 4187 1705 4228 ac
1747 4167 1886 4229 edit.
1931 4172 2224 4233 Benedict.
2259 4207 2338 4222 —
2374 4179 2641 4238 Evereere
2684 4174 2747 4236 in
2789 4177 2934 4238 reli-

818 4262 946 4340 quis
973 4263 1109 4324 edd.
