3275 5317
999 604 1128 661 vll-3
1165 602 1266 659 DE
1306 602 1530 663 Lotus
1567 602 1665 661 LE
1708 602 1929 662 GROS.
2440 614 2511 671 19

399 760 551 833 quo
597 734 916 833 quidem,
967 757 1178 831 prece
1211 734 1636 827 multorum,
1674 733 1975 806 consilio
2018 734 2505 831 familiarium,

404 850 635 923 multo
656 850 870 923 etiam
886 850 1109 948 patris
1137 864 1416 944 rogatu,
1452 847 1614 921 licet
1646 873 1831 943 sero,
1866 849 2001 921 viri
2030 849 2313 924 animus
2335 854 2514 925 mol-

397 964 624 1057 lescit,
672 964 1109 1063 resipiscenti
1145 965 1400 1063 parcit,
1446 964 1781 1062 injuriam
1808 963 2197 1058 condonat,
2228 990 2513 1067 recupe-

405 1078 652 1154 rabilia
724 1078 1006 1178 perdita
1075 1079 1338 1152 comite
1413 1077 1762 1153 reddente
1826 1094 2210 1170 restaurat,
2266 1098 2513 1181 captos

405 1195 690 1289 liberat,
731 1198 1018 1291 Hugoni
1047 1196 1612 1268 Claromontensi
1658 1219 1909 1294 pacem
1952 1211 2025 1269 et
2070 1198 2271 1295 quod
2304 1202 2515 1273 castri

404 1312 877 1410 praeoccupati
927 1336 1138 1384 suum
1172 1326 1324 1383 erat
1356 1310 1564 1383 firma
1589 1335 1763 1409 pace
1796 1310 2157 1385 reformat.

501 1430 590 1499 V.
626 1424 1105 1499 Infestabatur
1121 1425 1380 1499 nobilis
1406 1425 1702 1499 ecclesia
1732 1428 2096 1499 Remensis
2127 1451 2425 1502 suorum
2444 1446 2520 1504 et

406 1539 867 1614 ecclesiarum
909 1542 1002 1614 ad
1048 1566 1122 1614 se
1167 1541 1685 1639 pertinentium
1728 1540 2237 1640 dilapidatione
2280 1543 2515 1618 bono·

409 1680 600 1750 rum,
632 1656 1007 1756 tyrannide
1041 1656 1408 1729 fortissimi
1436 1670 1510 1729 et
1541 1656 1965 1730 tumultuosi
1994 1658 2288 1732 baronis
2318 1660 2519 1735 Ebali

407 1772 853 1847 Ruciacensis
874 1776 894 1812 ¹
925 1789 997 1846 et
1022 1772 1146 1845 filii
1177 1774 1330 1870 ejus
1377 1772 1803 1845 Guischardi
1822 1776 1866 1845 ².
1910 1774 2051 1862 Qui
2080 1790 2351 1875 quanto
2380 1778 2518 1849 mi-

408 1888 576 1961 litiae
605 1888 949 1985 agebatur
992 1888 1330 1961 exercitio
1365 1888 1545 1987 (erat
1585 1890 1781 1962 enim
1812 1904 2021 1963 tantae
2055 1893 2519 1988 magnanimi-

409 2004 599 2096 tatis,
635 2020 718 2078 ut
753 2002 1140 2102 aliquando
1174 2027 1344 2075 cum
1390 2004 1706 2076 exercitu
1750 2029 2038 2102 magno,
2086 2006 2286 2104 quod
2328 2006 2522 2081 solos

409 2144 609 2215 reges
655 2119 975 2210 deceret,
1032 2120 1107 2191 in
1155 2120 1562 2219 Hispaniam
1613 2120 2251 2218 proficisceretur),
2316 2138 2519 2196 tanto

411 2236 725 2310 insanior
778 2251 851 2309 et
905 2236 1233 2334 rapacior
1269 2235 1384 2307 his
1427 2235 1799 2334 explendis
1841 2235 2522 2335 depraedationibus,

410 2352 674 2450 rapinis
708 2366 778 2423 et
813 2352 1016 2424 omni
1061 2349 1352 2423 malitiae
1387 2350 1785 2427 insistebat.
1818 2352 2021 2424 Tanti
2060 2375 2233 2446 ergo
2282 2366 2351 2425 et
2380 2368 2529 2425 tam

409 2467 788 2541 facinorosi
818 2468 956 2539 viri
1003 2465 1199 2565 apud
1230 2464 1606 2537 dominum
1629 2490 1866 2561 regem
1896 2465 2307 2563 Philippum
2352 2490 2525 2539 cen-

412 2583 571 2675 ties,
605 2599 678 2655 et
701 2582 926 2655 modo
958 2581 1154 2679 apud
1181 2580 1410 2652 filium
1447 2578 1560 2650 bis
1601 2595 1729 2652 aut
1766 2594 1873 2652 ter
1914 2578 2197 2675 lugubri
2243 2583 2524 2679 querela

415 2698 740 2796 deposita
758 2752 778 2788 ,
827 2696 1016 2768 filius
1076 2696 1420 2768 invective
1462 2694 1851 2767 exercitum
1902 2696 2338 2770 mediocrem
2380 2698 2523 2771 sere

414 2813 1022 2910 septingentorum
1046 2810 1354 2907 militum
1379 2809 1472 2882 de
1527 2808 2000 2883 nobilioribus
2022 2814 2045 2851 ⁸
2068 2812 2375 2884 Franciae
2403 2837 2531 2910 op-

411 2925 784 2999 timatibus
834 2926 1192 2998 delectum
1238 2924 1430 3021 cogit
1447 2928 1494 3017 ⁴,
1526 2925 1759 2997 Remis
1810 2926 2117 3019 festinat,
2149 2951 2335 3025 pene
2392 2954 2524 3027 per

411 3042 596 3116 duos
627 3065 906 3115 menses
927 3042 1156 3114 multo
1178 3040 1514 3113 conflictu
1542 3040 1929 3138 praeteritas
1958 3042 2168 3139 punit
2193 3043 2522 3117 ecclesia-

409 3184 576 3231 rum
605 3159 991 3251 molestiaS,
1028 3156 1350 3255 ejusdem
1406 3156 1683 3255 praefati
1716 3158 2001 3253 tyranni
2026 3171 2098 3229 et
2126 3159 2489 3233 fautorum
2504 3160 2527 3197 ⁸

411 3275 564 3373 ejus
576 3274 1053 3374 depopulatur
1063 3270 1659 3365 terras‚incendio
1682 3273 2191 3371 solvit,rapinis
2204 3275 2519 3373 exponit·

409 3391 702 3488 Egregie
735 3390 1033 3479 factum,
1055 3404 1140 3461 ut
1161 3389 1286 3487 qui
1318 3386 1715 3486 rapiebant⁸
1737 3389 2104 3487 rapiantur
2123 3403 2195 3461 et
2217 3392 2341 3486 qui
2364 3404 2519 3463 tor-

413 3504 733 3605 quebant
751 3530 951 3604 aeque
977 3519 1099 3576 aut
1125 3503 1376 3577 durius
1407 3519 1897 3602 torqueantur.
1924 3510 2143 3576 Tanta
2168 3504 2523 3601 siquidem

413 3639 567 3695 erat
611 3620 885 3693 domini
930 3635 1002 3693 et
1040 3620 1386 3693 exercitus
1426 3620 1866 3713 animositas,
1909 3632 1991 3692 ut
2040 3618 2387 3718 quamdiu
2418 3616 2523 3694 ibi

495 3838 524 3893 1
541 3878 558 3897 .
597 3834 787 3914 Vulgo
807 3840 998 3910 Roucy
1019 3830 1269 3914 (Aisroe).
1298 3835 1358 3892 Is
1377 3843 1464 3892 est
1484 3830 1735 3892 Ebbalus
1767 3834 1826 3891 11
1850 3850 2063 3893 comes.

497 3932 558 3991 2.
604 3928 917 3988 Guichardi
944 3926 1040 3986 ed.
1076 3926 1276 3987 Germ.

497 4023 558 4082 3.
601 4022 692 4079 Ita
707 4020 839 4079 cod.
872 4022 990 4080 135
1014 4030 1073 4079 et
1099 4018 1235 4080 edd.
1265 4020 1336 4077 In
1361 4015 1598 4097 reliquis
1616 4014 1788 4078 codd.
1812 4014 2046 4078 additur
2060 4029 2119 4077 et
2135 4018 2522 4083 validioribus.

493 4116 557 4175 Ιι.
598 4117 766 4173 Anno
795 4116 974 4175 1103.

497 4209 557 4267 5.
601 4212 898 4267 Factorum
921 4206 1194 4265 mendose
1221 4206 1361 4279 5123,
1401 4208 1582 4278 5925,
1610 4207 1835 4266 12710.

496 4302 557 4360 6.
599 4296 916 4376 Rapiebam
941 4300 1080 4359 543.
1118 4328 1194 4345 -
1225 4300 1476 4373 Rapiant
1505 4294 1625 4357 alii.
