3275 5317
844 412 961 473 800
1282 412 1615 475 oeuvREs
1653 408 2084 470 oeMPLE‘rr-:s
2125 410 2226 468 DE
2265 410 2534 469 SUGER.

842 560 913 619 et
937 544 1403 618 ambitionem
1436 566 1796 642 perversa,
1835 555 1913 614 ut
1949 541 2048 614 ait
2069 544 2376 639 Stoicus,
2405 542 2606 640 sequi
2635 544 2778 635 via,
2815 546 2942 616 mi·

842 684 977 733 nus
1000 660 1485 733 arbitrabatur
1509 659 1918 731 honestum.

940 781 1109 849 Post
1150 777 1467 875 quietem
1514 772 2048 872 expergefactus
2091 796 2380 864 somno,
2401 788 2784 873 postquam
2838 798 2946 847 so-

840 892 1057 966 lemni
1100 916 1309 963 more
1344 891 1860 963 Matutinorum
1891 888 2311 961 celebrasset
2346 888 2695 981 officium,
2727 891 2940 987 prima

838 1006 1103 1081 cotidie
1150 1006 1313 1079 luce
1354 1003 1449 1077 ad
1496 1004 1868 1077 ecclesiam
1922 1002 2324 1077 festinabat.
2365 1004 2533 1093 Ubi,
2571 1020 2940 1103 antequam

838 1120 1207 1195 accederet
1233 1120 1325 1194 ad
1358 1120 1601 1209 altare,
1632 1144 1838 1193 secus
1869 1119 2250 1219 sepulchra
2275 1122 2674 1217 Martyrum
2699 1144 2940 1219 provo·

838 1238 1035 1310 lutus
1075 1235 1466 1325 humiliter,
1512 1238 1671 1307 Deo
1727 1258 1801 1306 se
1855 1248 2092 1306 totum
2123 1236 2200 1307 in
2231 1234 2566 1333 precibus
2603 1250 2932 1323 mactans,

838 1350 1157 1450 subjecta
1196 1350 1601 1448 pavimenta
1652 1348 1984 1447 lacrymis
2015 1350 2518 1439 humectabat3
2561 1350 2808 1448 sicque
2839 1374 2938 1422 sa·

837 1466 1091 1539 cerdos
1144 1464 1572 1538 venerabilis
1620 1480 1769 1536 tam
1802 1465 2062 1537 devote
2105 1488 2326 1563 quam
2361 1464 2744 1537 celebriter
2769 1464 2936 1539 salu·

836 1592 1021 1655 iares
1052 1580 1425 1654 oblaturus
1455 1581 1726 1653 hostias
1753 1578 2216 1679 procedebat.
2253 1584 2448 1653 Hora
2474 1604 2651 1655 vero
2667 1583 2940 1655 sanctis-

840 1698 1001 1771 simi
1056 1696 1403 1789 sacrificii,
1456 1696 1616 1794 quis
1665 1694 1880 1792 digne
1931 1694 2189 1769 referat
2231 1720 2374 1793 qua
2403 1698 2936 1797 compunctione

840 1810 1199 1903 succendi,
1224 1835 1365 1909 qua
1379 1810 1704 1883 ubertate
1735 1810 2080 1911 lacrymas
2105 1811 2223 1883 vel
2245 1811 2574 1908 gemitus»,
2601 1828 2684 1883 ut
2715 1836 2932 1885 revera

836 1944 1259 2029 praesentem
1288 1926 1563 1999 habens
1588 1928 1842 2018 Deum,
1881 1926 2318 2027 profundere
2335 1930 2842 2001 consueverit?
2867 1936 2938 2000 At

839 2068 1013 2117 vero
1046 2046 1121 2115 in
1156 2043 1533 2115 Nativitate
1583 2043 1996 2135 SalvatoriS,
2053 2042 2168 2116 vel
2221 2044 2794 2136 Resurrectione,
2833 2070 2938 2117 seu

840 2160 1091 2233 ceteris
1134 2159 1505 2259 praecipuis
1546 2156 2176 2251 sollemnitatibus,
2215 2160 2482 2231 mirum
2525 2160 2600 2231 in
2657 2160 2940 2233 modum

838 2290 991 2349 erat
1014 2290 1089 2347 et
1123 2273 1383 2347 devote
1404 2274 1700 2347 festivus
1717 2291 1790 2348 et
1807 2274 2054 2349 festive
2081 2274 2384 2349 devotus
2419 2304 2436 2347 ε
2474 2276 2776 2351 festivus
2805 2302 2937 2367 ore,

840 2388 1143 2463 devotus
1180 2388 1427 2479 corde,
1474 2390 1659 2463 adeo
1707 2405 1791 2463 ut
1849 2390 2130 2463 nullum
2168 2392 2453 2489 penitus
2485 2390 2706 2464 seculi
2743 2418 2942 2489 nego·

841 2506 1025 2579 tium
1052 2504 1147 2579 ad
1179 2530 1253 2579 se
1286 2505 1563 2603 ingredi
1590 2507 2063 2604 permitteret,
2085 2530 2318 2604 neque
2336 2530 2580 2578 rerum
2618 2508 2938 2598 tristium,

841 2637 1192 2720 quantum
1236 2622 1311 2693 in
1354 2623 1511 2721 ipso
1564 2634 1744 2714 erat,
1791 2623 2234 2693 mentionem
2289 2622 2744 2715 admitteret3
2783 2648 2940 2696 asse·

841 2760 1008 2808 rens
1055 2734 1321 2809 debere
1374 2736 1615 2809 laetum
1654 2738 1936 2809 transiri
1958 2736 2180 2827 diem,
2211 2751 2283 2808 et
2325 2738 2404 2807 in
2459 2737 2592 2809 Dei
2627 2738 2942 2811 laudibus

844 2864 1079 2923 totum
1094 2851 1421 2949 expendi.
1458 2856 1537 2923 ln
1559 2850 1824 2949 quibus
1842 2850 2110 2925 scilicet
2141 2850 2394 2923 diebus
2423 2852 2482 2923 si
2517 2852 2842 2950 quando,
2879 2868 2942 2925 ut

842 2966 1100 3038 assolet
1119 3020 1139 3056 ,
1191 2991 1335 3037 nox
1376 2968 1884 3066 superveniens
1927 2967 2134 3039 illum
2169 2969 2586 3067 vespertinis
2633 2969 2941 3043 laudibus

844 3080 1309 3154 celeberrime
1351 3082 1794 3155 insistentem
1823 3082 2431 3183 deprehendisset,
2459 3080 2756 3158 dicebat
2785 3086 2941 3159 nihil

842 3197 1113 3269 referre
1162 3211 1410 3269 utrum
1450 3195 1603 3271 laus
1649 3197 1893 3272 divina
1947 3214 2159 3272 nocte
2211 3216 2839 3275 consummaretur
2865 3226 2942 3273 an

846 3313 990 3405 die,
1031 3310 1211 3385 dum
1262 3311 1453 3385 illius
1506 3329 1689 3387 esset
1739 3339 1914 3407 nox,
1955 3315 2159 3413 cujus
2201 3330 2274 3387 et
2315 3313 2464 3387 dies
2497 3342 2514 3386 ε
2555 3330 2841 3391 tantum
2867 3342 2948 3389 ne

846 3442 1100 3527 praeter
1128 3452 1411 3502 morem
1436 3429 1811 3502 celebritas
1838 3429 2202 3503 videretur
2221 3431 2564 3503 minorari
2595 3430 2674 3503 iu
2691 3432 2942 3529 aliquo.

846 3544 979 3614 Hic
992 3597 1012 3633 ,
1050 3546 1233 3616 sicut
1268 3546 1616 3644 scriptum
1640 3544 1936 3641 legerat,
1957 3564 2150 3619 stare
2166 3547 2341 3643 fecit
2361 3561 2689 3617 cantores
2713 3564 2948 3619 contra

846 3658 1108 3750 altare,
1148 3674 1219 3731 et
1253 3662 1329 3731 in
1385 3686 1558 3732 sono
1598 3684 1845 3731 eorum
1880 3658 2119 3733 dulces
2163 3662 2342 3760 fecit
2369 3658 2638 3752 modos,
2673 3678 2758 3733 et
2779 3660 2952 3733 dedit

850 3777 926 3845 in
958 3772 1538 3847 celebrationibus
1568 3774 1805 3868 decas,
1845 3792 1918 3861 et,
1968 3778 2252 3849 ornavit
2275 3792 2596 3873 tempora
2619 3802 2842 3877 usque
2869 3774 2957 3847 ad

845 3893 1516 3963 consummationem
1553 3894 1759 3964 νῶτ’.

930 4147 990 4203 1.
1018 4145 1227 4219 ΕοοΙί.,
1248 4164 1429 4213 xtvn,
1454 4152 1553 4219 Η,
1587 4152 1689 4206 12.
