3275 5317
902 567 1015 621 132
1334 562 1664 620 OEUVRES
1705 561 2134 619 COMPLETES
2173 562 2274 617 DE
2313 562 2579 619 SUGER.

904 726 937 763 u
978 694 1289 767 hominis
1328 692 1708 763 formidine
1757 691 1984 787 refugi
2023 690 2542 764 derideremur.
2593 720 2625 757 n
2663 695 2827 765 Haec
2874 692 2992 783 ait,

899 826 971 882 et
1000 810 1185 881 mira
1214 808 1688 895 animositate,
1720 806 1887 879 licet
1904 831 2211 905 corpore
2244 809 2500 903 gravis,
2533 832 2660 905 per
2699 806 2996 908 abrupta

897 940 967 999 et
1016 924 1434 997 nemoribus
1490 921 1883 995 obstrusas¹
1931 923 2104 1013 vias,
2149 923 2312 996 licet
2355 923 2779 1021 periculose,
2835 948 2994 995 cum

894 1041 1202 1113 exercitu
1248 1054 1650 1137 penetranS,
1708 1062 1876 1110 cum
1904 1061 2132 1136 prope
2176 1054 2491 1110 castrum
2533 1039 2988 1136 pervenisset,

894 1156 1305 1229 nunciatum
1353 1167 1457 1225 est
1508 1153 1994 1225 strenuissimo
2043 1154 2290 1227 comiti
2339 1152 2666 1244 Radulfo,
2709 1154 2840 1225 ex’
2861 1154 2990 1225 alia

892 1286 1094 1370 parte
1125 1271 1329 1342 castri
1362 1271 1671 1365 vaganti,
1709 1268 2042 1341 exercitui
2083 1268 2374 1341 insidias
2402 1270 2644 1368 parari
2673 1285 2745 1341 et
2771 1272 2988 1342 ruinae

890 1412 1144 1460 eorum
1169 1386 1669 1459 instantissime
1692 1384 2046 1458 demoliri.
2078 1386 2217 1472 Qui
2245 1384 2438 1457 illico
2460 1400 2805 1477 armatus,
2831 1412 2990 1459 cum

888 1506 1131 1602 paucis
1154 1503 1517 1575 sociorum
1544 1500 1714 1573 illuc
1747 1500 1860 1571 via
1896 1524 2114 1599 opaca
2145 1499 2474 1591 tendens,
2511 1502 2982 1600 conspicatuS,

885 1619 1260 1718 praemissis
1316 1616 1748 1714 quibusdam
1793 1613 2140 1688 militibus
2181 1616 2350 1709 suiS,
2385 1617 2536 1712 jam
2575 1642 2988 1715 percussum

882 1734 1087 1805 illum
1132 1733 1493 1819 cecidisse,
1561 1755 1829 1828 equum
1883 1730 2274 1804 calcaribus
2324 1756 2602 1828 urgens,
2673 1733 2882 1805 irruit
2917 1735 2980 1803 in

885 1870 1079 1938 eum,
1142 1860 1213 1916 et
1264 1844 1599 1915 audacter
1655 1842 1891 1939 gladio
1940 1844 2362 1941 percutiens,
2419 1843 2682 1915 lethale
2735 1845 2984 1917 vulnus

882 1958 1158 2055 infligit,
1194 1982 1331 2029 nec
1362 1956 1496 2028 nisi
1528 1954 2033 2055 prohiberetur
2065 1956 2530 2053 repetendum
2564 1958 2775 2031 foret.
2804 1962 2984 2057 Cap-

874 2089 991 2145 tus
1037 2075 1271 2170 itaque
1310 2086 1383 2144 et
1421 2071 1513 2144 ad
1557 2085 1863 2160 mortem
1895 2072 2270 2164 sauciatuS,
2305 2072 2594 2169 regique
2620 2073 2978 2147 Ludovico

872 2204 1361 2289 praesentatuS,
1401 2189 1551 2284 ejus
1585 2188 1882 2284 imperio
1919 2186 2370 2277 Laudunum,
2420 2187 2632 2260 laude
2659 2190 2976 2261 omnium

872 2305 1019 2377 fere
1052 2319 1124 2377 et
1154 2328 1447 2377 suorum
1467 2317 1538 2374 et
1562 2316 2000 2391 nostrorum,
2023 2316 2128 2373 est
2147 2301 2586 2399 deportatus.
2627 2307 2976 2401 Sequente

868 2437 1109 2492 autem
1141 2420 1284 2509 die,
1328 2417 1688 2516 publicata
1717 2432 1904 2488 terra
1937 2416 2151 2514 plana
2176 2418 2360 2514 ejus⁸
2391 2418 2764 2516 ruptisque
2797 2436 2975 2515 stag-

870 2537 1005 2628 nis,
1067 2536 1234 2632 quia
1284 2532 1666 2605 dominum
1726 2545 1926 2602 terrae
1987 2530 2302 2604 habebat
2353 2528 2598 2604 terrae‘
2647 2558 2970 2630 parcenS,

868 2650 1296 2723 Laudunum
1323 2672 1676 2745 regressus
1703 2645 2042 2719 dominus
2067 2672 2189 2719 rex
2222 2646 2626 2721 Ludovicus
2651 2651 2698 2739 ⁸,
2735 2649 2971 2722 homi-

865 2791 1033 2838 nem
1086 2764 1648 2864 perditissimum
1679 2787 1811 2833 nec
1849 2761 2288 2854 vulneribuS,
2327 2788 2460 2835 nec
2499 2788 2809 2853 carcere,
2847 2788 2971 2836 nec

864 2881 1101 2968 miniS,
1137 2906 1271 2953 nec
1302 2904 1513 2979 prece
1560 2877 1654 2950 ad
1715 2876 2198 2950 redditionem
2241 2894 2748 2965 mercatorum,
2787 2904 2966 2978 quos

862 2995 1039 3067 mira
1074 2994 1483 3092 proditione
1516 2993 1591 3064 in
1635 2992 1997 3065 conductu
2043 2992 2382 3091 spoliatos
2422 2994 2763 3067 omnibus
2825 2996 2966 3067 suis

860 3134 1141 3183 carcere
1170 3108 1558 3197 detinebat,
1598 3132 1852 3204 cogere
1885 3107 2190 3180 valebat.
2231 3109 2370 3196 Qui
2397 3134 2565 3181 cum
2589 3110 2970 3207 conjugem

853 3252 941 3299 ex
988 3226 1177 3323 regia
1219 3224 1689 3322 permissione
1739 3223 1874 3296 sibi
1904 3224 2288 3316 ascivisset,
2326 3226 2544 3322 magis
2585 3226 2968 3302 videbatur

857 3343 949 3415 de
988 3355 1500 3432 mercatorum,
1538 3340 1664 3438 qui
1691 3339 1785 3412 ab
1805 3364 1893 3412 eo
1912 3339 2396 3434 exigebantur,
2435 3366 2652 3439 quam
2680 3343 2773 3416 de
2807 3348 2966 3417 vitae

852 3458 1231 3530 amissione
1274 3456 1541 3529 dolere.
1582 3460 1908 3555 Cumque
1934 3456 2086 3552 jam
2113 3457 2483 3554 plagarum
2513 3458 2765 3532 dolore
2801 3486 2964 3557 gra·

851 3576 1139 3647 vissimo
1174 3597 1354 3671 pene
1384 3571 1477 3643 ad
1528 3586 1842 3643 mortem
1895 3572 2346 3663 constrictus,
2391 3598 2434 3645 a
2463 3574 2706 3647 multis
2745 3579 2964 3650 etiam

848 3690 1175 3763 confiteri
1207 3704 1279 3761 et
1314 3688 1652 3760 viaticum
1687 3687 2044 3785 suscipere
2073 3703 2470 3784 rogaretur,
2510 3692 2628 3763 vix
2658 3716 2964 3767 conces·-

851 3806 967 3877 sit.
1025 3808 1207 3877 Cum
1238 3817 1478 3875 autem
1513 3826 1774 3900 corpus
1823 3804 2112 3875 Domini
2165 3828 2386 3879 manu
2440 3806 2830 3880 sacerdotis
2887 3812 2958 3883 in

934 4106 988 4161 1.
1020 4102 1104 4159 lta
1132 4102 1347 4161 12710.
1374 4130 1453 4145 —-
1484 4096 1758 4157 obtrusas
1782 4096 1882 4156 aiii
1909 4100 2083 4159 codd.
2113 4120 2182 4159 ac
2211 4101 2347 4161 edd.

927 4200 991 4257 2.
1016 4198 1139 4252 Rex
1168 4195 1386 4264 12710,
1413 4194 1517 4251 sed
1539 4189 1709 4250 male.
1752 4196 1910 4253 —3.
1943 4196 2023 4251 Ee·
2045 4193 2128 4253 id.
2157 4196 2289 4255 cod.

925 4293 987 4347 4.
1020 4292 1201 4347 Terrae
1228 4287 1387 4347 deest
1408 4286 1468 4347 in
1495 4286 1631 4349 eod.
1657 4286 1788 4349 cod.
1809 4320 1892 4333 -
1909 4291 1968 4353 5.
1995 4291 2306 4349 Ludovicees
2335 4288 2527 4353 omitt.
2563 4292 2624 4353 in
2647 4294 2783 4356 eod.
2813 4297 2951 4356 cod.
