3275 5317
882 594 956 653 96
1304 590 1631 652 oeuvnsss
1671 570 2097 647 comni-:ras
2139 590 2239 645 DE
2283 586 2554 647 susan.

877 749 1092 823 quam
1113 726 1261 798 {ere
1282 724 1595 797 biennali
1614 736 1984 794 coarctans
2008 719 2409 808 obsidione,
2432 719 2526 792 ad
2545 719 2974 797 deditionem

878 842 1281 915 defensores
1334 864 1620 936 cogenS,
1661 838 2112 936 expugnavit,
2153 852 2628 936 expugnatam
2656 835 2976 909 funditus

880 955 1231 1029 subvertit
1249 1014 1271 1045 ‚
1327 957 1619 1054 ejusque
1678 951 2135 1026 subversione
2183 976 2430 1050 pacem
2487 952 2751 1051 pati-iffi,
2803 953 2976 1047 regis

880 1073 1179 1170 fungens
1244 1074 1485 1147 officio
1531 1074 1656 1172 qui
1689 1098 1830 1145 non
1868 1075 2022 1143 sine
2056 1096 2274 1143 causa
2306 1070 2626 1172 gladium
2671 1088 2971 1169 portae,

879 1191 1393 1285 gratantissime
1473 1187 1926 1279 reformavit,
1998 1203 2070 1259 et
2121 1202 2267 1259 tam
2325 1186 2560 1284 ipsum
2611 1187 2976 1287 praefatum

875 1305 1221 1378 'l'homam
1273 1306 1792 1403 nequissimum
1840 1326 2061 1400 quam
2097 1328 2262 1375 suos
2302 1300 2630 1375 dominio
2662 1301 2976 1401 ejusdem

876 1420 1178 1494 civitatis
1210 1419 1719 1520 perpetualiter
1757 1418 2252 1493 exhaeredavit.

968 1540 1214 1611 xxlv.
1266 1540 1368 1609 Ne
1408 1536 1627 1631 igitur
1669 1556 2122 1631 quacumque
2170 1547 2517 1604 terrarum
2555 1546 2757 1632 parte
2789 1533 2975 1605 loco-

871 1676 1031 1723 rum
1072 1652 1411 1748 angustiis
1454 1651 1678 1723 virtus
1723 1650 1907 1747 regia
1968 1649 2318 1721 coarctari
2361 1649 2684 1722 videatur
2729 1648 2976 1747 (scitur

875 1766 1065 1836 enim
1093 1766 1339 1860 longas
1366 1764 1652 1860 regibus
1679 1790 1828 1837 esse
1859 1764 2168 1861 manus),
2195 1763 2538 1838 accelerat
2567 1764 2661 1837 ad
2693 1790 2856 1837 eum
2882 1763 2971 1836 de

874 1877 1141 1951 finibus
1178 1880 1714 1952 Bituricensium
1766 1882 1872 1952 vir
1930 1880 2198 1978 peritus
2233 1880 2633 1978 linguaeque
2681 1881 2966 1967 venalis,

875 1995 1171 2069 Alardus
1201 1994 1667 2070 Guillebaldi’
1704 2022 1722 2067 z
1764 1995 1888 2093 qui
1921 1996 2087 2068 satis
2126 1995 2482 2069 rhetorice
2530 1995 2834 2095 privigni
2865 1995 2970 2068 sui

874 2111 1237 2208 querelam
1260 2111 1652 2210 deponen3‚
1691 2111 1988 2184 domino
2011 2112 2159 2207 regi
2180 2110 2577 2183 humillime
2595 2110 2966 2210 supplicat,

874 2250 1130 2322 rogans
1179 2228 1510 2324 quatinus
1572 2225 1894 2299 nobilem
1977 2225 2320 2299 baronem
2386 2227 2808 2300 Haimonem
2853 2250 2974 2297 no·

874 2343 1092 2433 mine,
1134 2344 1417 2415 Variam
1446 2346 1750 2415 Vaccam
1790 2342 2240 2437 cognomine,
2289 2340 2824 2418 Burbonensem
2841 2340 2970 2413 do-

872 2457 1177 2550 minum,
1204 2458 1548 2556 justitiam
1582 2471 2055 2549 recusantem,
2101 2457 2555 2556 imperialiter
2584 2456 2660 2529 in
2696 2458 2807 2556 jus
2837 2472 2972 2529 tra·

870 2571 1119 2663 heret3
1172 2588 1506 2670 nepotem
1552 2572 1843 2668 majoris
1875 2571 2136 2662 fratriS,
2168 2570 2673 2645 Erchembaldi
2713 2572 2970 2644 scilicet

870 2682 1124 2776 filium,
1184 2683 1754 2757 exhaeredantem
1841 2699 1986 2756 tam
2045 2700 2604 2784 praesumptuosa
2681 2684 2970 2756 audacia

870 2816 1397 2899 compesceret3
1435 2816 1507 2873 et
1536 2804 1970 2873 Francorum
1994 2799 2298 2897 judicio,
2336 2824 2589 2871 eorum
2612 2801 2772 2897 quis
2799 2798 2970 2897 quid

868 2913 1137 2989 habere
1170 2916 1455 3004 debeat,
1510 2914 2020 2987 determinaret
2101 2918 2242 2985 Rex
2277 2914 2514 3011 itaque
2555 2928 2704 2985 tam
2731 2938 2968 2987 amone

864 3028 1151 3126 justitiae
1203 3056 1420 3127 quam
1465 3029 1920 3102 ecclesiarum
1957 3046 2029 3102 et
2059 3054 2458 3129 pauperum
2493 3030 2964 3121 miseratione,

870 3168 964 3216 ne
1000 3143 1136 3216 hac
1174 3147 1541 3217 occasione
1582 3169 2000 3240 guerrarum
2041 3145 2309 3218 malitia
2355 3144 2748 3242 pullulante
2795 3170 2966 3243 pau-

868 3282 1074 3357 peres
1117 3256 1437 3331 devexati
1471 3260 1712 3332 alienae
1750 3284 1828 3331 su
1837 3259 2095 3357 perbiae
2136 3261 2414 3333 luerent
2451 3284 2770 3358 poenam,
2807 3284 2970 3333 cum

866 3373 1239 3472 praefatum
1268 3376 1690 3448 Haimonem
1724 3376 1986 3448 frustra
2010 3376 2086 3447 in
2118 3400 2404 3447 causam
2433 3378 2672 3449 vocari
2693 3376 2972 3451 fecisset

869 3490 1273 3588 (recusabat
1305 3492 1524 3583 enim,
1557 3491 1650 3564 de
1664 3491 1938 3594 justitia
1986 3490 2377 3590 diffidens),
2421 3492 2614 3565 nulla
2642 3494 2970 3567 remissus

865 3608 1232 3708 voluptate
1276 3625 1398 3683 aut
1444 3612 1751 3709 pigritia,
1808 3612 1902 3684 ad
1950 3627 2183 3711 partes
2232 3612 2774 3685 Bituricensium
2803 3634 2968 3683 cum

864 3724 1171 3797 exercitu
1196 3724 1421 3797 multo
1437 3726 1761 3819 tetendit,
1785 3728 2342 3801 Germiniacum⁸
2357 3726 2676 3825 ejusdem
2697 3726 2972 3798 Haimo-

952 3941 1015 3999 1.
1042 3938 1205 3997 Pauli
1232 3952 1419 4020 apost.
1448 3940 1521 4000 ad
1550 3944 1750 4016 Rom„
1787 3962 1918 4013 xm,
1944 3946 2006 4006 4.

947 4035 1008 4093 Ξ.
1038 4033 1380 4096 Wilcebaldt'
1445 4037 1664 4097 12710.
1710 4068 1791 4081 —-
1863 4036 2185 4097 Guilebaldi
2231 4035 2364 4097 edd.
2426 4032 2672 4096 Alardus
2725 4052 2970 4095 uxorem

868 4124 1119 4184 duxerat
1146 4124 1380 4186 viduam
1411 4126 1814 4205 Erchembaldi
1849 4132 1948 4204 lv,
1981 4127 2143 4210 cujus
2171 4128 2320 4189 filius
2355 4128 2567 4190 Haimo
2601 4132 2680 4198 11,
2715 4129 2751 4187 a
2779 4126 2968 4187 colore

864 4218 1209 4299 capillorum
1242 4223 1425 4279 Varla
1457 4224 1646 4278 Vacca
1676 4221 1886 4294 dictus,
1917 4222 2066 4283 infra
2087 4235 2593 4283 commemoratur.

948 4316 1006 4372 3.
1035 4313 1123 4371 Ita
1152 4313 1371 4387 12710,
1399 4315 1556 4374 5925
1582 4334 1650 4373 ac
1681 4314 1822 4376 edit.
1862 4315 2155 4377 Benedict.
2183 4348 2263 4363 —
2289 4318 2718 4376 Get-maniacum
2759 4316 2874 4373 543
2911 4320 2968 4372 et
