3275 5317
907 604 1032 661 vm
1073 604 1170 661 DE
1207 606 1432 665 LOUIS
1472 609 1568 665 LE
1608 606 1827 666 GROS.
2347 614 2423 672 43

303 742 592 813 vissime
624 734 752 809 sed
773 734 1214 807 amarissime
1231 760 1398 810 cum
1429 736 1636 810 hoste
1656 734 2000 809 decertat.
2033 739 2186 811 Viri
2218 764 2431 813 econ-

307 873 424 930 tra
452 856 884 941 defensorem,
927 850 1300 925 audaciam
1338 853 1500 925 vitae
1535 853 2015 951 praeferenteS,
2060 855 2261 927 ocius
2300 856 2430 929 de-

307 971 616 1045 fensioni
659 968 1018 1059 insistunt,
1073 992 1206 1039 nec
1254 968 1470 1041 etiam
1507 966 1807 1041 domino
1852 985 2184 1069 parcunt,
2230 995 2429 1043 arma

307 1110 628 1187 movent,
680 1093 960 1166 hostem
1003 1092 1359 1189 rejiciunt,
1406 1094 1848 1191 superiorem
1897 1094 2049 1166 imo
2094 1098 2430 1169 torrentis

305 1210 719 1283 inferiorem
769 1205 1280 1307 praecipitando
1337 1208 1746 1282 restituunt.
1799 1210 1915 1282 Sic
1968 1234 2049 1281 ea
2092 1211 2249 1283 vice
2262 1215 2285 1251 ¹
2328 1212 2431 1283 illi

305 1328 630 1424 gloriam,
677 1326 794 1398 isti
838 1324 1220 1423 repulsam,
1257 1323 1422 1396 licet
1453 1326 1683 1416 inviti,
1744 1324 2255 1399 sustinuerunt.
2306 1330 2433 1397 Pa-

308 1458 558 1515 rantur
595 1441 932 1537 deinceps
970 1438 1180 1511 castri
1215 1440 1570 1512 eversioni
1613 1439 1875 1513 bellica
1908 1442 2425 1536 insu-umenta3

310 1559 624 1654 erigitur,
669 1556 988 1651 tristegas
1027 1570 1174 1627 tres
1216 1555 1702 1652 pugnantibus
1742 1556 2141 1653 porrigenS‚
2196 1580 2435 1654 super-

312 1676 634 1747 eminens
673 1671 1006 1743 machina
1024 1725 1044 1759 ,
1095 1694 1254 1767 quae
1293 1684 1524 1743 castro
1561 1671 1993 1778 superlativa
2026 1696 2432 1771 propugna-

311 1791 478 1862 torii
509 1789 724 1889 primi
756 1785 1126 1882 sagittariis
1157 1802 1229 1858 et
1247 1785 1626 1859 balistariis
1644 1788 1749 1859 ire
1776 1803 1902 1859 aut
1918 1811 2049 1884 per
2066 1788 2434 1861 castellum

310 1928 652 2005 apparere
709 1901 1154 2001 prohiberet.
1215 1901 1446 1992 Unde,
1502 1905 1671 2001 quia
1716 1906 2155 1976 incessanter
2199 1903 2315 1977 die
2350 1930 2435 1977 ac

313 2034 528 2092 nocte
575 2018 690 2089 his
737 2018 1100 2105 coarctati,
1156 2016 1689 2091 defensionibus
1731 2020 1875 2091 suis
1916 2020 2237 2091 assistere
2285 2046 2435 2093 non

312 2134 677 2223 valebant,
724 2134 1000 2205 terratis
1039 2134 1270 2205 caveis
1312 2133 1780 2207 defendentes
1824 2134 2091 2233 seipsos
2137 2134 2437 2231 provide

317 2249 820 2339 defensabant,
878 2271 1317 2344 suorumque
1379 2248 1643 2321 ictibus
1688 2250 2210 2344 sagittariorum
2272 2250 2441 2320 insi-

317 2366 616 2453 dianteS‚
672 2363 885 2463 primi
936 2362 1454 2462 propugnaculi
1506 2366 1905 2461 superiores
1950 2362 2205 2435 mortis
2256 2365 2441 2460 peri-

315 2480 475 2553 culo
512 2476 1026 2577 anticipabant.
1083 2476 1414 2551 Haerebat
1461 2479 1808 2550 machinae
1858 2477 2199 2549 eminenti
2248 2501 2435 2576 pons

315 2590 614 2687 lignem,
657 2590 782 2686 qui
815 2612 888 2659 se
927 2588 1272 2659 excelsius
1301 2589 1693 2685 porrigens,
1728 2614 1891 2661 cum
1927 2589 2286 2688 paulisper
2318 2588 2438 2660 de-

315 2706 720 2777 mitteretur
746 2726 962 2799 super
988 2702 1344 2797 glandem,
1372 2701 1655 2775 facilem
1680 2703 2280 2777 descendentibus
2300 2728 2434 2801 pa-

317 2834 514 2891 raret
543 2814 960 2913 ingressum.
993 2816 1208 2905 Quod
1249 2832 1500 2889 contra
1539 2818 1677 2890 viri
1712 2844 1927 2918 super
1957 2819 2071 2891 his
2105 2819 2441 2891 callentes

315 2934 551 3030 lignea
571 2931 789 3031 podia
819 2956 904 3003 ex
929 2933 1260 3031 opposito
1291 2933 1679 3032 separatim
1704 2934 1887 3031 praes
1880 2932 2201 3027 erebant,
2252 2949 2332 3005 ut
2367 2948 2440 3006 et

319 3074 502 3149 pons
565 3063 638 3120 et
677 3049 804 3146 qui
837 3073 968 3147 per
1001 3062 1299 3147 pontem
1344 3048 1893 3146 ingrederentur
1930 3050 2250 3147 utrique²
2278 3074 2441 3122 cor·

317 3179 608 3237 ruentes
638 3164 712 3234 in
731 3162 1228 3237 subterraneas
1251 3164 1494 3237 foveas
1529 3165 1757 3237 acutis
1780 3164 2075 3237 sudibus
2102 3180 2433 3257 armataS,

319 3305 409 3352 ne
441 3278 1183 3352 animadverterentur
1209 3279 1371 3353 ficte
1394 3281 1616 3380 paleis
1637 3296 1948 3378 opertaS,
1976 3283 2135 3354 vitae
2166 3282 2438 3377 pericu-

319 3394 476 3468 lum
497 3410 572 3469 et
599 3397 854 3469 mortis
879 3396 1231 3468 mulctam
1255 3397 1712 3468 sustinerent.
2418 3374 2431 3403 ‘

419 3515 697 3584 Interea
733 3512 1066 3611 praefatus
1093 3511 1360 3605 Gnido,
1407 3527 1491 3584 ut
1519 3511 1781 3584 callens
1810 3513 1925 3583 vir
1958 3526 2030 3583 et
2077 3526 2433 3603 strenuus,

322 3643 654 3725 parentes
683 3643 759 3701 et
771 3630 1042 3701 amicos
1073 3629 1398 3724 exagitat,
1442 3626 1778 3701 dominos
1805 3626 2268 3725 supplicando
2292 3626 2441 3699 sol-

326 3740 571 3833 licitat,
619 3743 923 3817 obsessis
965 3744 1294 3841 suffragia
1334 3742 1701 3817 accelerat.
1754 3747 1983 3837 Agens
2024 3741 2234 3837 igitur
2272 3766 2439 3814 cum

326 3858 588 3931 comite
621 3859 936 3959 palatino
977 3859 1444 3953 Theobaldo⁸,
1495 3857 2025 3955 elegantissimae
2044 3857 2440 3955 juventutis

404 4049 467 4107 1.
491 4048 585 4103 Ea
615 4052 732 4104 vice
757 4046 927 4105 codd.
973 4066 1173 4106 omnes
1201 4059 1260 4106 et
1290 4046 1432 4109 edit.
1463 4045 1683 4105 Bened.
1714 4076 1795 4091 —
1816 4048 1908 4103 Ea
1937 4048 2028 4101 via
2056 4042 2221 4121 reliq.
2256 4045 2391 4104 edd.

408 4139 471 4198 2.
505 4141 800 4217 Utrimque
845 4141 1062 4199 12710.
1087 4174 1164 4185 —-
1196 4144 1406 4216 Uu’que
1430 4139 1524 4199 ed.
1552 4140 1755 4200 Germ.

409 4234 468 4293 3.
510 4233 570 4289 Is
607 4244 696 4291 est
736 4230 1102 4293 ‘theobaldus
1139 4235 1253 4305 IV,
1291 4236 1556 4308 Magnus,
1593 4230 1881 4290 Blesensis
1914 4242 1971 4288 et
2007 4228 2439 4309 Campaniensis

324 4342 545 4383 comes.
