3275 5317
674 562 774 619 m:
814 560 912 619 LA
953 548 1511 620 CONSECRATION
1556 564 1650 620 m:
1693 562 2178 626 sAlNT-nles.
2373 568 2487 625 217

374 692 759 768 tolerabilis
804 707 957 764 erat
1003 693 1345 788 angustia,
1382 708 1464 765 ut
1508 694 1583 765 in
1629 696 2140 769 commixtione
2169 700 2494 771 virorum

376 810 670 884 fortium
719 810 901 881 sicut
932 808 1136 907 prelo
1167 807 1537 907 depressae,
1586 810 1786 907 quasi
1833 811 2213 906 imaginata
2254 829 2492 886 morte

372 949 797 1021 exsanguem
821 924 1074 997 faciem
1098 926 1519 1023 exprimere,
1550 950 1755 997 more
1776 925 2326 1025 parturientium
2359 944 2496 1002 ter·

368 1041 674 1113 ribiliter
700 1040 1175 1131 conclamare,
1202 1039 1444 1137 plures
1462 1064 1712 1111 earum
1737 1041 2227 1115 miserabiliter
2250 1042 2490 1116 decal-

374 1170 587 1245 cataS,
638 1157 763 1254 pio
800 1158 1127 1229 virorum
1172 1156 1510 1252 suffragio
1563 1180 1780 1254 super
1828 1158 2060 1256 capita
2107 1158 2492 1230 hominum

373 1270 735 1361 exaltatas,
794 1286 1134 1368 tanquam
1180 1272 1589 1369 pavimento
1634 1271 2080 1344 adhaerentes
2125 1273 2488 1365 incedere,

373 1388 632 1459 multas
650 1388 866 1459 etiam
888 1402 1209 1459 extremo
1228 1387 1685 1483 singultantes
1718 1389 1980 1486 spiritu
2011 1390 2086 1460 in
2119 1403 2326 1487 prato
2351 1388 2492 1459 fra-

372 1517 592 1593 trum,
630 1504 904 1576 cunctis
937 1502 1505 1600 desperantibus,
1540 1502 1929 1575 anhelare¹.
1969 1508 2247 1575 Fratres
2280 1504 2491 1576 etiam

373 1618 671 1713 insignia
718 1619 1107 1691 Dominicae
1146 1619 1496 1717 passionis
1541 1617 2094 1690 adventantibus
2128 1643 2490 1718 exponen-

373 1747 501 1820 teS,
548 1758 801 1805 eorum
833 1736 1135 1830 augariis
1186 1748 1256 1805 et
1296 1733 1885 1806 contentionibus
1917 1734 2488 1826 succumbentes,

371 1848 571 1921 nullo
604 1849 953 1922 divertere
982 1849 1352 1941 habenteS,
1391 1875 1521 1946 per
1560 1851 1898 1923 fenestras
1951 1875 2124 1922 cum
2171 1851 2493 1949 reliquiis

370 1965 738 2039 multoties
776 1966 1203 2061 effugerunt.
1252 1964 1471 2053 Quod
1502 1990 1673 2038 cum
1713 1964 2055 2038 scholaris
2097 1990 2278 2065 puer
2308 1966 2495 2038 inter

372 2080 622 2152 fratres
670 2081 993 2153 erudirer
1042 2080 1427 2153 audiebam
1443 2134 1461 2171 ,
1514 2096 1714 2152 extra
1741 2084 1766 2118 ¹
1796 2082 2076 2175 juvenis
2107 2080 2443 2153 dolebam
2467 2134 2488 2168 ,

373 2210 692 2269 maturus
746 2198 1007 2293 corrigi
1064 2196 1451 2269 affectuose
1512 2195 1967 2293 appetebam.
2029 2198 2208 2266 Cam
2257 2212 2492 2266 autem

367 2312 643 2409 placuit
662 2312 799 2404 illi,
836 2316 963 2411 qui
992 2338 1105 2384 me
1134 2314 1523 2410 segregavit
1554 2336 1650 2381 ea:
1678 2328 1876 2381 utero
1913 2314 2170 2381 matris
2202 2336 2397 2403 meae,
2427 2328 2498 2382 et

373 2432 635 2500 vocavit
662 2453 800 2526 per
836 2430 1148 2528 gratiam
1186 2452 1395 2498 suam
1428 2428 1475 2515 ⁸,
1514 2426 1791 2498 meritis
1835 2428 2055 2498 etiam
2085 2449 2496 2524 repugnan-

379 2544 594 2633 tibus,
626 2546 1053 2641 parvitatem
1084 2566 1323 2614 meam
1368 2540 1585 2637 hujus
1626 2556 1884 2613 sanetae
1937 2541 2240 2613 ecclesioe
2283 2556 2496 2612 tantae

374 2658 736 2757 praeficere
766 2656 1404 2746 administrationi,
1441 2655 1591 2727 sola
1622 2658 1748 2730 Dei
1781 2658 2196 2755 omnipoten
2205 2658 2292 2729 tis
2322 2656 2498 2729 inef-

380 2772 580 2844 fabili
605 2772 1119 2865 misericordia,
1140 2772 1441 2872 praefatae
1456 2770 1799 2843 molestiae
1825 2774 2275 2860 correctioni,
2305 2795 2498 2843 sano-

378 2902 619 2959 torum
678 2890 1077 2983 Martyrum
1140 2886 1613 2959 dominorum
1675 2900 2092 2961 nostrorum
2160 2886 2497 2983 suffragio

375 3018 647 3101 raptuS,
684 3002 775 3074 ad
810 3002 1459 3099 augmentationem
1505 3000 1776 3099 praefati
1830 3001 1972 3074 loci
2021 3016 2174 3074 toto
2222 3004 2492 3096 animO,

376 3133 527 3189 tota
578 3118 839 3190 mentis
868 3116 1253 3189 affectione
1280 3115 1678 3188 accelerare
1731 3118 2238 3214 proposuimus
2295 3146 2310 3189 ε
2371 3118 2495 3215 qui

375 3258 771 3329 nunquam,
826 3234 885 3304 si
932 3246 1152 3322 tanta,
1208 3246 1354 3303 tam
1400 3230 1816 3321 necessaria,
1850 3246 1996 3303 tam
2028 3232 2219 3303 utilis
2250 3246 2323 3303 et
2356 3231 2495 3302 ho-

376 3362 575 3418 nesta
616 3372 768 3419 non
818 3347 1125 3443 exigeret
1158 3346 1694 3444 opportunitaS,
1747 3370 2042 3418 manum
2086 3368 2496 3444 supponere

375 3461 486 3533 vel
518 3464 825 3557 cogitare
856 3486 1467 3561 praesumeremus.

472 3579 655 3665 Quia
672 3578 885 3674 igitur
910 3579 986 3650 in
1002 3577 1343 3649 anteriori
1360 3591 1590 3675 parte,
1611 3575 1706 3647 ab
1721 3576 2084 3672 aquilone,
2111 3571 2492 3669 principali

374 3695 687 3791 ingressu
718 3694 1220 3791 principalium
1249 3693 1645 3781 valvarum,
1681 3690 2002 3787 porticus
2044 3699 2240 3757 artus
2269 3700 2292 3735 δ
2311 3684 2485 3759 hino

460 3998 487 4053 1
504 4038 518 4053 .
551 3994 637 4053 Cf.
679 3992 901 4072 Sugerii
942 3992 1157 4053 librum
1198 3999 1287 4051 De
1326 3993 1491 4051 rebus
1531 3999 1593 4049 in
1629 3990 2120 4047 administratione
2155 3997 2262 4049 sud
2291 3990 2483 4071 gestis,

378 4089 575 4166 supra,
606 4108 669 4167 p.
716 4091 857 4146 186.

459 4182 519 4243 2.
548 4182 721 4240 Forte
741 4188 1029 4239 extrarius
1060 4180 1407 4259 (Benedict.)
1420 4220 1437 4240 .

462 4278 520 4336 3.
551 4273 713 4333 Pauli
748 4286 935 4355 apost.
968 4274 1045 4333 ad
1072 4275 1328 4345 Galatas»,
1358 4292 1403 4350 ι,
1432 4274 1533 4333 15.
1575 4302 1658 4320 --
1684 4272 1744 4332 4.
1785 4272 1898 4333 Pro
1925 4281 2128 4335 arctus,
