3275 5317
1089 260 1619 334 TEMmGNAcEs
1660 276 2305 337 conmmromms.
2629 282 2742 338 ιιι-ι
2783 269 2785 283 ’

1198 677 1279 723 11.
1336 674 1641 723 DIPLOMB
1693 674 1782 721 DE
1829 672 2032 721 Loms
2080 674 2180 721 vl.

640 980 725 1034 Le
748 978 837 1029 roi
874 973 1111 1029 aecor-de
1144 970 1183 1025 ὰ
1219 968 1477 1044 l’abbaye
1511 971 1586 1025 de
1626 971 1996 1027 Saint-Dem's
2023 973 2314 1044 plusieurs
2323 976 2658 1051 privileges,
2691 996 2760 1033 en

722 1070 1184 1123 reconnaissance
1204 1066 1277 1120 de
1310 1068 1371 1120 la
1398 1068 1712 1139 protes-tion
1751 1066 1896 1137 qu’e'l
1931 1083 1970 1118 a
2001 1062 2230 1121 obcenae
2259 1064 2429 1140 apres
2450 1074 2609 1125 avoir
2635 1076 2764 1145 pris

724 1158 759 1217 1’
765 1160 1077 1234 oriflamme
1096 1162 1195 1217 des
1214 1164 1399 1216 mains
1429 1158 1502 1213 de
1524 1160 1726 1233 Suger.

738 1411 813 1475 In
852 1405 1109 1473 nomine
1146 1403 1349 1471 Patris
1376 1420 1441 1469 et
1463 1403 1603 1470 Filii
1630 1421 1696 1470 et
1730 1402 1998 1494 Spiritus
2025 1404 2249 1472 sancti.
2281 1408 2511 1474 Amen.
2546 1410 2762 1477 Ludo-

640 1512 847 1589 vicus,
886 1508 1006 1575 Dei
1030 1508 1258 1597 gratia,
1285 1532 1399 1573 rex
1428 1508 1847 1586 Francorum,
1881 1506 2394 1599 archiepiscopis,
2423 1510 2760 1603 episcopis,

642 1612 946 1690 ducibus,
984 1608 1345 1687 comitibus,
1380 1626 1445 1675 et
1482 1607 1786 1675 universis
1820 1607 1998 1699 regni
2037 1610 2235 1675 nostri
2275 1613 2760 1701 proceribus....

740 1718 871 1784 Nos
884 1716 1077 1805 igitur
1090 1738 1241 1780 cum
1252 1729 1317 1778 et
1330 1710 1465 1778 aliis
1482 1712 1674 1803 longe
1699 1712 1953 1801 lateque
1972 1712 2275 1795 ecclesiis,
2300 1730 2438 1781 tum
2452 1720 2768 1809 praecipue

642 1818 855 1885 nobili
892 1814 1286 1883 monasterio
1320 1830 1419 1879 ter
1446 1812 1614 1879 beati
1653 1812 1940 1905 Dionysii
1967 1816 2413 1904 sociorumque
2449 1820 2583 1905 ejus
2610 1842 2766 1909 pro..

642 1918 911 2011 pensius
935 1916 1357 2001 attendentes,
1395 1938 1475 1982 eo
1522 1917 1802 2006 primum
1835 1913 2066 1982 affectu
2109 1940 2238 2006 quo
2263 1932 2470 1984 totum
2499 1943 2772 2011 regnum

640 2040 946 2090 nostrum
992 2038 1163 2089 sorte
1204 2020 1595 2111 apostolatus
1643 2016 1990 2109 suscipiens
2028 2021 2310 2089 Domino
2351 2024 2490 2090 Deo
2530 2023 2775 2117 proprii

644 2121 976 2216 sanguinis
1022 2122 1333 2189 effusione
1386 2118 1680 2197 restituit,
1723 2143 1802 2185 eo
1850 2118 2042 2186 etiam
2083 2146 2212 2212 quo
2257 2122 2316 2189 ei
2345 2141 2778 2207 antecessores

644 2228 855 2293 nostri
885 2242 1017 2291 tam
1048 2222 1385 2315 spiritualis
1416 2246 1608 2311 quam
1653 2222 2005 2313 corporalis
2030 2224 2248 2290 auxilii
2279 2226 2587 2294 beneficio
2618 2253 2776 2295 con-

646 2327 947 2397 foederati
970 2343 1139 2407 sunt,
1168 2324 1317 2393 satis
1342 2324 1557 2392 devoti
1573 2346 1593 2409 ς
1612 2347 1761 2390 cum
1796 2324 1882 2391 ad
1905 2348 2088 2393 aures
2113 2345 2359 2395 nostras
2384 2330 2781 2420 pervenisset

643 2430 1166 2497 Alemannorum
1214 2448 1433 2517 regem
1482 2426 1565 2491 ad
1628 2424 2121 2515 ingrediendum
2166 2446 2234 2495 et
2279 2430 2776 2521 opprimendum

645 2554 936 2623 regnum
984 2545 1273 2596 nostrum
1311 2528 1657 2595 exercitum
1693 2551 2081 2619 praeparare,
2128 2530 2598 2598 communicato
2631 2557 2777 2600 cum

646 2629 962 2725 palatinis
992 2626 1225 2695 nostris
1270 2626 1560 2702 consili0,
1600 2626 1684 2693 ad
1721 2626 1924 2717 ipsam
1954 2628 2498 2697 sanctissimorum
2529 2634 2787 2724 Marty-.

648 2756 807 2801 rum
842 2730 1169 2798 basilicam
1202 2753 1385 2795 more
1408 2746 1885 2795 antecessorum
1915 2748 2285 2829 nostrorum
2318 2731 2778 2821 festinavimus,

650 2835 909 2925 ibique,
932 2832 1359 2923 praesentibus
1385 2829 1568 2921 regni
1601 2832 1804 2897 nostri
1841 2833 2276 2923 optimatibus,
2306 2858 2427 2925 pro
2451 2838 2632 2927 regni
2660 2836 2780 2905 de-

652 2937 952 3004 fensione
987 2936 1250 3003 eosdem
1291 2951 1603 3025 patronos
1643 2952 1896 3001 nostros
1940 2956 2132 3027 super
2167 2937 2369 3004 altare
2405 2939 2782 3008 eorumdem

658 3038 897 3105 elevari
938 3036 1047 3129 pio
1076 3034 1311 3104 affectu
1352 3054 1419 3103 et
1457 3060 1680 3103 amore
1710 3034 2061 3104 effecimus.
2091 3040 2283 3105 Unde
2327 3042 2540 3121 nobis,
2565 3059 2635 3107 ut
2666 3066 2784 3131 par

661 3162 833 3226 erat,
890 3143 1126 3237 placuit
1182 3142 1785 3237 gloriosissimorum
1825 3144 2180 3235 Martyrum
2219 3145 2572 3226 basilicam,
2614 3148 2782 3212 anti·-

665 3272 947 3340 quorum
984 3271 1206 3339 regum
1248 3244 1620 3313 liberalitate
1663 3262 1730 3313 et
1767 3246 2199 3314 munificentia
2232 3248 2682 3339 amplificatam
2722 3265 2787 3314 et

666 3352 1067 3430 decoratam,
1122 3346 1355 3415 nostris
1394 3350 1792 3438 temporibus
1836 3350 2012 3415 omni
2052 3347 2394 3414 dilectione
2438 3348 2786 3440 amplexari

669 3473 739 3522 et
796 3453 1158 3522 sublimare.
1212 3454 1510 3517 Praesenti
1563 3449 1776 3539 itaque
1819 3448 2170 3515 venerabili
2227 3450 2462 3516 abbate
2507 3452 2786 3542 praefatae

668 3556 949 3627 ecclesiae
994 3554 1285 3647 Sugerio,
1322 3576 1513 3643 quem
1552 3552 1808 3618 fidelem
1853 3566 1919 3617 et
1975 3548 2351 3617 familiarem
2394 3555 2460 3619 in
2509 3556 2790 3623 consiliis

670 3659 911 3727 nostris
956 3654 1372 3733 habebamus,
1428 3655 1493 3719 in
1561 3652 1899 3743 praesentia
1951 3653 2331 3742 optimatum
2396 3672 2783 3737 nostrorum,

674 3762 982 3831 vexillum
1013 3761 1095 3826 de
1128 3756 1359 3823 altario
1397 3756 1732 3822 beatorum
1771 3754 2159 3845 Martyrum,
2207 3754 2288 3821 ad
2318 3758 2490 3847 quod
2529 3760 2790 3827 comita-

674 3882 782 3931 tus
812 3857 1167 3937 vilcassini,
1205 3882 1401 3949 quem
1432 3882 1551 3924 nos
1576 3858 1659 3922 ab
1687 3856 1838 3948 ipsis
1864 3856 1930 3922 in
1955 3855 2218 3925 feodum
2243 3858 2576 3940 habemus,
2609 3886 2792 3955 spec-

644 3984 815 4034 tare
850 3965 1221 4042 dinoscitur,
1272 3984 1526 4027 morem
1566 3959 1900 4048 antiquum
1933 3976 2400 4028 antecessorum
2431 3980 2794 4033 nostrorum

2478 4084 2556 4139 27
