3275 5317
924 588 998 644 76
1358 580 1686 639 OEUvREs
1727 567 2155 639 coMPLETEs
2197 579 2296 637 DE
2337 580 2606 641 suomi.

922 716 1142 790 domo
1171 738 1335 787 cum
1370 714 1537 803 suiS,
1570 715 1936 809 quantam¹
1953 711 2284 811 superbia
2301 711 2530 810 pariat
2557 712 2870 802 ruinam,
2903 714 3024 783 mi·

920 832 1217 904 serrime
1262 828 1706 927 compeditus
1745 827 2269 900 animadvertit.
2314 832 2498 899 Cum
2541 850 2712 899 vero
2746 852 2869 899 rex
2907 852 3020 925 po·

921 948 1092 1017 titus
1128 946 1419 1017 victoria
1456 942 1733 1016 nobiles
1769 958 2046 1042 captOS,
2086 942 2398 1042 praedam
2443 943 2646 1037 regiae
2679 942 3016 1038 majestati

922 1060 1284 1150 idoneam,
1328 1058 1709 1149 eduxisset,
1762 1072 2096 1131 cunctam
2139 1057 2345 1129 castri
2400 1057 2916 1156 supellectilem
2959 1073 3020 1129 et

922 1200 1169 1247 omnes
1216 1174 1493 1246 divitias
1538 1173 1914 1273 publicari,
1976 1188 2428 1270 castrumque
2481 1174 2816 1245 incendio
2851 1197 3018 1245 con·

922 1290 1107 1361 ssari’
1136 1290 1533 1387 imperavit.
1570 1289 1854 1359 Turrim
1886 1301 2164 1360 tantum
2190 1287 2567 1360 incendere
2601 1289 2844 1386 paucis
2875 1288 3018 1359 die-

922 1402 1059 1473 bus
1110 1401 1442 1491 distulit⁸,
1480 1426 1563 1471 ea
1612 1399 1706 1471 de
1741 1424 1975 1493 causa,
2025 1400 2223 1498 quod
2268 1424 2508 1473 comes
2549 1398 3020 1487 Theobaldus,

920 1517 1305 1589 immemor
1344 1516 1676 1587 beneficii
1716 1516 1898 1587 tanti
1941 1515 2130 1601 facti,
2163 1513 2357 1612 quod
2395 1540 2766 1612 nunquam
2799 1538 2927 1611 per
2959 1538 3024 1584 se

920 1630 1216 1728 adipisci
1251 1630 1543 1722 valeret,
1596 1629 2147 1701 machinabatur
2197 1628 2594 1701 marchiam
2641 1654 2846 1700 suam
2877 1654 3019 1698 am-

921 1741 1264 1838 plificare,
1301 1757 1612 1813 castrum
1647 1739 1984 1837 erigendo
2016 1741 2090 1811 in
2127 1754 2474 1837 potestate
2523 1740 2800 1813 Puteoli
2833 1737 3022 1837 quod

924 1854 1016 1925 de
1048 1852 1303 1925 feodo*
1331 1856 1513 1952 regis
1553 1854 1810 1945 fuerat,
1851 1854 2046 1952 apud
2079 1852 2320 1924 villam
2366 1878 2522 1951 quae
2577 1853 2844 1926 dicitur
2877 1854 3026 1925 Alo-

922 1992 1018 2040 na
1032 1972 1074 2038 ⁸.
1153 1968 1368 2056 Quod
1400 1994 1569 2041 cum
1614 1994 1738 2041 rex
1798 1970 2096 2042 omnino
2136 1985 2518 2059 recusaret,
2577 1994 2822 2041 comes
2866 1994 3020 2068 pac-

923 2098 1079 2155 tum
1109 2084 1250 2156 hoc
1272 2084 1619 2157 offerebat
1649 2110 1778 2183 per
1811 2084 2179 2158 Andraeam
2206 2085 2296 2157 de
2319 2085 2780 2157 Baldamento
2817 2088 2866 2177 ⁸,
2901 2100 3024 2156 ter-

923 2223 1017 2270 rae
1042 2224 1183 2271 suae
1208 2216 1772 2297 procuratorem,
1794 2200 2220 2271 ratiocinare
2250 2226 2267 2271 ε
2305 2223 2424 2270 rex
2455 2222 2624 2270 vero
2657 2214 2729 2269 et
2762 2200 3022 2270 ratione

920 2329 992 2385 et
1042 2314 1193 2409 lege
1248 2314 1465 2387 duelli
1521 2339 1888 2411 nunquam
1939 2339 2013 2385 se
2069 2314 2441 2412 pepigisse,
2498 2338 2626 2411 per
2675 2313 3024 2385 Ansellum

923 2427 1321 2527 dapiferum
1340 2454 1575 2522 suum,
1599 2430 2037 2527 ubicumque
2054 2453 2295 2501 secure
2312 2430 2601 2519 vellent,
2616 2428 3020 2501 defendere.

923 2545 1065 2630 Qui
1090 2546 1219 2615 viri
1253 2546 1525 2616 strenui
1554 2544 1814 2617 multas
1839 2545 2009 2616 huic
2030 2543 2272 2642 praelio
2301 2543 2743 2642 postulantes
2776 2546 3020 2633 curiaS,

926 2659 1195 2729 nullam
1224 2658 1677 2731 invenerunt.

1018 2772 1373 2846 Subverso
1410 2774 1625 2869 igitur
1659 2774 1955 2846 omnino
1986 2774 2276 2872 praefato
2321 2789 2578 2863 castro,
2614 2798 2744 2845 nec
2781 2799 2938 2845 non
2967 2788 3028 2844 et

926 2892 1220 2983 Hugone
1246 2890 1317 2960 in
1347 2904 1540 2961 turre
1564 2890 1790 2960 Castri
1831 2888 2198 2959 Landulfl‘¹
2238 2890 2541 2978 incluso,
2583 2888 3026 2961 Theobaldus

924 3028 1192 3094 comes,
1225 3004 1447 3075 fretus
1479 3004 1814 3075 avunculi
1849 3005 1956 3075 sui
1983 3005 2164 3098 regis
2181 3003 2446 3099 Anglici
2482 3005 2726 3101 inclyti
2747 3006 3030 3077 Henrici

924 3117 1213 3209 auxilio,
1255 3119 1402 3213 regi
1433 3120 1794 3192 Ludovico
1827 3143 1992 3189 cum
2024 3118 2496 3216 complicibus
2525 3120 2667 3190 suis
2703 3143 3033 3215 guerram

928 3247 1189 3319 movet,
1222 3247 1486 3305 terram
1509 3235 1780 3323 turbat,
1821 3233 2130 3305 barones
2159 3260 2324 3307 suos
2355 3234 2691 3332 pollicitis
2716 3250 2790 3307 et
2821 3234 3036 3307 donis

924 3346 1305 3437 subtrahit,
1367 3361 1437 3419 et
1508 3348 1854 3446 quicquid
1909 3347 2220 3421 deterius
2289 3348 2693 3448 reipublicae
2769 3350 3036 3422 invisus

1002 3543 1027 3595 1
1045 3583 1061 3597 .
1092 3542 1376 3614 Quantam
1408 3538 1562 3597 solus
1593 3541 1730 3599 cod.
1772 3541 1950 3615 6265,
1981 3538 2142 3619 cujus
2169 3539 2562 3619 probatiorem
2587 3538 2878 3598 admisere
2915 3542 3036 3597 Be-

924 3632 1199 3693 nedictini
1224 3632 1554 3691 lectionem.
1579 3666 1662 3678 —
1695 3636 1926 3707 Quanta
1955 3634 2014 3693 in
2043 3634 2280 3711 reliquis
2310 3634 2483 3693 codd.
2518 3653 2586 3692 ac
2613 3634 2746 3691 edd.

1001 3715 1060 3770 2.
1095 3714 1459 3790 Conflagrari
1480 3715 1658 3787 5925,
1691 3717 1870 3773 6265.
1907 3746 1980 3761 —-
2011 3716 2417 3789 conflammari
2445 3713 2582 3773 edit.
2609 3714 2814 3773 Germ.

1004 3807 1062 3865 3.
1116 3806 1380 3863 Incendio
1396 3812 1603 3882 paucis
1632 3804 1830 3863 diebus
1860 3807 2085 3863 distulit
2111 3809 2248 3877 543,
2279 3808 2461 3878 5925,
2493 3808 2672 3877 6265,
2699 3806 2927 3863 12710.
2961 3835 3038 3847 —

924 3900 1235 3955 Incendere
1253 3905 1458 3973 paucis
1487 3898 1681 3957 debuit
1707 3898 1844 3957 edd.
1873 3899 2071 3957 Germ.
2103 3910 2161 3957 et
2188 3898 2398 3961 Chesn.

1004 3991 1062 4047 4.
1096 3987 1189 4047 Sic
1216 3990 1390 4048 codd.
1423 4009 1646 4051 omnes,
1678 4022 1757 4035 —
1783 3993 1972 4047 Feudo
1998 3989 2134 4049 edd.

1005 4086 1063 4140 ὅ.
1095 4081 1284 4140 Hodie
1312 4084 1583 4141 Allotmes
1608 4081 2083 4161 (Eure-et-LoIr).

1004 4176 1061 4231 6.
1088 4176 1255 4233 Nunc
1282 4176 1634 4233 Baudement
1659 4174 1939 4253 (Mat-ne).

1005 4270 1063 4326 7.
1094 4268 1405 4327 Vernacule
1435 4268 1955 4327 Charonea-landon
1985 4265 2284 4344 (Scine-et·
2293 4264 2542 4346 Mar-ne).
