3275 5317
935 606 1051 663 340
1382 600 1712 659 oeuvaas
1752 580 2186 657 COMPLI‘QTES
2225 598 2326 655 ns
2366 596 2636 656 succa.

936 737 1111 805 ltem
1155 746 1229 803 et
1272 730 1469 831 apud
1509 733 1850 803 Sanctum
1898 728 2403 819 Alexandrum,
2442 726 2840 801 venerabili
2887 726 3030 801 loco

934 845 1328 937 Lebrahae¹,
1376 846 1662 918 missam
1707 869 1845 944 pro
1893 843 2248 917 defunctis
2276 843 2446 915 feria
2479 844 2810 942 septima,
2847 844 3030 915 anni-

930 960 1319 1033 versarium
1352 974 1710 1051 nostrum,
1745 973 1819 1033 et
1845 958 2120 1033 divinas
2151 982 2288 1058 pro
2317 957 2524 1031 nobis
2549 978 2758 1031 aures
2789 958 3028 1031 solliei-

928 1090 1077 1147 tare
1146 1074 1711 1173 imploravimus.
1790 1077 1932 1147 Nec
1999 1074 2240 1146 minus
2305 1075 2380 1145 in
2443 1071 2786 1145 omnibus
2859 1074 3026 1144 Beati

927 1190 1248 1287 Dionysii
1278 1190 1510 1281 cellis,
1552 1206 1704 1262 tam
1747 1188 2170 1289 propinquis
2201 1214 2420 1288 quam
2467 1192 2792 1282 remotis,
2839 1192 3024 1261 anni·

925 1308 1315 1380 versarium
1345 1322 1670 1380 nostrum
1696 1307 2245 1403 orationumque
2285 1308 2717 1397 instantiam,
2757 1307 3024 1378 missam

927 1448 1061 1521 pro
1130 1422 1483 1497 defunctis
1528 1421 1748 1494 semel
1813 1422 1886 1492 in
1947 1419 2352 1494 ebdomada
2400 1434 2730 1517 rogantes
2781 1420 3022 1493 obnixe

926 1539 1514 1637 impetravimus3
1571 1552 1644 1609 et
1712 1534 2057 1633 quoniam
2106 1535 2358 1609 fratres
2417 1536 2650 1609 nostri
2701 1536 3020 1607 carissimi

924 1654 1332 1752 suppliciter
1359 1678 1401 1723 a
1434 1651 1649 1723 nobis
1667 1650 1895 1747 rogati
1915 1650 2219 1723 libenter
2249 1650 2728 1750 peticionibus
2749 1652 3016 1739 nostris,

924 1769 1223 1841 scientes
1244 1793 1377 1839 nos
1398 1792 1658 1863 magno
1678 1765 1991 1862 indigere
2017 1767 2306 1859 auxili0,
2319 1766 2860 1863 acquieverunt,
2881 1766 3020 1864 pul·

922 1908 1160 1954 samus
1190 1908 1313 1955 eos
1342 1906 1578 1981 prece,
1617 1882 1982 1980 pulsamus
2013 1898 2089 1954 et
2125 1898 2503 1982 praecepto,
2542 1895 2613 1954 et
2643 1883 2722 1953 in
2753 1906 2863 1969 ea,
2895 1907 3019 1979 qua

924 1998 1241 2070 Christus
1276 1997 1351 2069 in
1379 2021 1503 2069 ara
1528 1998 1762 2069 crucis
1788 2002 1938 2069 Deo
1981 1999 2162 2069 Patri
2195 2022 2270 2069 se
2298 1996 2590 2088 obtulit,
2627 1996 3014 2069 obedientia

921 2112 1329 2209 adjurantes
1379 2112 1851 2202 obtestamur,
1897 2137 1988 2183 ne
2030 2110 2367 2211 deinceps
2397 2137 2523 2209 per
2561 2112 2814 2184 omnia
2865 2126 3016 2183 tem·

918 2252 1177 2325 porum
1240 2226 1594 2299 curricula
1615 2281 1635 2318 ,
1695 2226 2106 2299 successivis
2161 2227 2452 2299 fratrum
2497 2226 3010 2300 succedentium

918 2336 1389 2436 temporibus,
1434 2338 1527 2410 ab
1559 2339 1704 2411 hoc
1729 2337 1930 2435 quod
1962 2338 2170 2410 nobis
2199 2336 2664 2411 firmaverunt
2699 2338 3012 2433 suffragio

921 2451 1290 2544 desistant,
1359 2456 1792 2553 promissum
1870 2452 2201 2545 reddant,
2265 2469 2518 2525 votum
2597 2452 3006 2551 persolvant,

919 2568 1100 2639 sicut
1142 2571 1548 2667 responsuri
1597 2570 1671 2640 in
1703 2584 2019 2641 extremo
2053 2568 2353 2641 districti
2391 2568 2642 2665 judicii
2686 2566 2832 2661 die,
2868 2594 3008 2641 cum

918 2708 1050 2755 nos
1081 2683 1387 2757 invicem
1410 2684 1799 2756 viderimus
1829 2682 1900 2754 in
1935 2707 2023 2755 eo
2055 2686 2180 2781 qui
2218 2709 2352 2756 nos
2395 2698 2465 2756 et
2502 2698 2704 2757 actus
2745 2698 3008 2757 nostros

914 2820 1045 2893 per
1072 2798 1315 2893 omnia
1339 2797 1559 2889 videt,
1592 2798 1713 2896 qui
1749 2798 2101 2895 nosipsos
2123 2798 2258 2869 sibi
2287 2798 2522 2870 vivere
2552 2798 2886 2893 dignetur
2903 2824 3008 2895 per

916 2911 1157 2982 omnia
1187 2911 1425 2985 secula
1456 2911 1888 2985 seculorum.
1923 2918 2169 2986 Amen.

1011 3032 1266 3099 Actum
1301 3029 1494 3126 apud
1526 3032 1867 3100 Sanctum
1903 3027 2356 3125 Dionysium,
2397 3028 2470 3099 in
2518 3030 2882 3101 communi
2909 3052 3006 3099 ca·

916 3140 1143 3237 pitulo
1164 3195 1184 3230 ,
1246 3146 1399 3213 XV⁰
1466 3141 1804 3214 kalendas
1858 3140 2021 3239 julii
2055 3196 2075 3232 ,
2131 3166 2326 3213 anno
2407 3144 2756 3216 incarnati
2817 3142 3006 3214 Verbi

910 3256 1411 3347 Mcxxxvll⁰‚
1472 3257 1862 3330 indictione
1911 3260 2090 3346 XV·‚
2130 3274 2376 3356 epacta
2417 3262 2693 3347 XXVI‘,
2737 3282 3006 3329 concur-

910 3384 1113 3441 rente
1170 3375 1312 3461 ΙΨ,
1367 3370 1536 3443 luna
1588 3374 1906 3463 XXHH‘,
1939 3394 2129 3443 anno
2174 3397 2346 3446 vero
2397 3372 3006 3447 administrationis

906 3499 1091 3557 nost:
1108 3510 1166 3557 ae
1193 3489 1403 3561 XVP.

1008 3600 1299 3696 Signum
1334 3600 1587 3673 domni
1610 3603 1869 3677 Hervei
1892 3604 2174 3704 prioris.

1008 3716 1079 3783 S.
1124 3715 1388 3789 Tewini
1427 3717 1849 3817 subprioris,
1909 3722 1980 3790 S.
2027 3718 2368 3791 Bernardi
2425 3720 2898 3819 praecentoris.
2927 3723 2990 3789 S.

908 3826 1253 3902 Willelmi
1318 3832 1843 3933 chartographi.
1915 3838 1989 3908 S.
2059 3835 2402 3933 Stephani
2448 3836 2884 3909 thesaurarii.
2927 3837 2988 3905 S.

906 3938 1247 4013 Gaufredi
1284 3944 1669 4042 capiciarii.
1711 3948 1787 4020 S.
1813 3946 2158 4019 Johannis
2204 3946 2606 4019 infirmarii.
2633 3950 2707 4020 S.
2742 3944 2992 4018 Henrici

908 4051 1279 4128 cellararii.
1340 4080 1347 4087 ·
1689 4066 1692 4071 ’

943 4312 952 4321 ι
990 4223 1050 4280 1.
1096 4220 1389 4284 Prioratus
1416 4230 1475 4291 S.
1522 4228 1834 4289 Alexandri
1863 4228 2140 4291 Lebrahae
2186 4230 2245 4291 in
2279 4229 2746 4311 Argentorate-nsi
2785 4222 2996 4289 dioecoei

910 4324 1053 4373 situs
1074 4326 1223 4375 erat.
