3275 5317
787 504 862 562 ει.
1219 498 1545 557 <navans
1587 466 2015 556 coaptans
2053 498 2155 555 nr.
2197 496 2469 555 susan.

783 646 1099 705 castrum
1155 644 1226 702 et
1275 630 1814 703 matrimonium
1839 683 1859 722 ,
1934 630 2205 701 incestu
2268 628 2894 725 consanguinitatis

782 746 1156 835 foedatum,
1189 743 1496 818 divortio
1517 745 1775 818 amisit.

881 865 1073 933 VIII.
1129 860 1252 932 His
1282 875 1355 932 et
1396 859 1552 931 aliis
1599 859 1945 933 virtutum
1980 858 2441 957 provectibus
2490 856 2893 953 designatus

785 976 1122 1050 dominus
1150 974 1663 1067 conscendens,
1698 975 1893 1070 regni
1924 973 2525 1046 administrationi
2545 987 2617 1045 et
2649 974 2892 1071 reipu-

784 1092 1012 1181 blioee,
1075 1090 1259 1163 sicut
1291 1114 1364 1161 se
1411 1090 1519 1162 rei
1577 1090 2076 1189 opportunitas
2125 1088 2499 1177 offerebat,
2552 1090 2899 1184 sagaciter

779 1205 1182 1307 providere,
1242 1206 1773 1279 recalcitrantes
1834 1205 2289 1304 perdomare,
2342 1204 2627 1277 castella
2681 1204 2899 1276 infes-

785 1320 1004 1393 tantia
1036 1319 1606 1418 quibuscumque
1631 1321 1869 1393 modis
1921 1336 2045 1393 aut
2076 1344 2427 1419 occupare
2474 1335 2597 1392 aut
2658 1321 2899 1391 incur·-

785 1460 954 1509 vare
979 1450 1262 1507 strenue
1288 1435 1673 1531 satagebat.
1717 1434 1923 1507 Unde
1957 1460 2127 1507 cum
2172 1435 2412 1508 Guido
2450 1435 2891 1525 Trussellus¹,

787 1550 973 1623 filius
1017 1551 1298 1623 Milonis
1355 1551 1447 1623 de
1503 1556 1750 1625 Monte
1784 1552 2119 1642 Leherii’,
2172 1553 2309 1623 viri
2362 1551 2779 1625 tumultuosi
2820 1566 2899 1623 et

787 1667 987 1762 regni
1009 1665 1418 1757 turbatoris,
1457 1691 1501 1738 a
1545 1668 1660 1739 via
1703 1667 1941 1740 Sancti
2002 1665 2368 1765 Sepulchri
2418 1666 2719 1739 domum
2784 1691 2901 1739 re-

789 1784 1113 1885 pedasset
1140 1838 1161 1877 ,
1232 1784 1498 1857 fractus
1557 1785 1751 1880 longi
1831 1784 2105 1856 itineris
2138 1784 2512 1861 ,anxietate
2534 1838 2555 1875 ,
2637 1798 2709 1854 et
2783 1782 2897 1855 di·

792 1923 1153 1972 versarum
1211 1923 1590 1996 poenarum
1670 1898 1997 1972 molestia
2032 1952 2055 1987 ,
2140 1914 2213 1971 et
2274 1900 2439 1996 quia
2520 1897 2899 1971 extraordi-

789 2015 985 2085 narie
1049 2014 1500 2087 Antiochiam
1544 2014 1801 2087 timore
1854 2014 2308 2089 Corboranni
2336 2018 2359 2054 ⁸
2417 2038 2545 2112 per
2604 2039 2898 2087 murum

788 2127 1224 2201 descendens
1253 2183 1274 2219 ,
1332 2130 1604 2227 Deique
1667 2132 2055 2203 exercitum
2105 2133 2297 2204 intus
2320 2223 2329 2229 ἡ
2352 2129 2721 2202 obsessum
2782 2154 2899 2201 re-

789 2243 1143 2342 linquenS‚
1204 2258 1359 2316 toto
1425 2268 1728 2344 corpore
1801 2245 2177 2319 destitutus
2260 2246 2547 2339 defecit,
2613 2246 2903 2319 timens-

791 2384 930 2459 que
1019 2359 1441 2433 exhaeredari
1534 2361 1821 2434 unicam
1914 2386 2131 2459 quam
2206 2361 2514 2435 habebat
2606 2360 2827 2434 filiam
2874 2419 2896 2451 ,

793 2474 1068 2547 domini
1118 2478 1296 2572 regis
1339 2476 1649 2576 Philippi
1693 2492 1765 2549 et
1814 2476 1945 2549 filii
2000 2476 2343 2550 Ludovici
2410 2477 2769 2549 voluntate
2826 2490 2903 2550 et

794 2589 1248 2686 persuasione
1310 2590 1540 2687 (valde
1599 2592 1791 2663 enim
1847 2592 2273 2690 appetebant
2327 2591 2695 2689 castrum),
2750 2589 2901 2662 filio

795 2704 978 2799 regis
1009 2704 1362 2804 Philippo,
1399 2704 1491 2777 de
1517 2704 1973 2804 superducta⁸
1998 2704 2479 2802 Andegavensi
2511 2706 2895 2795 comitissa,

793 2820 1052 2916 nuptui
1089 2819 1408 2911 tradidit,
1438 2836 1534 2913 et,
1568 2836 1651 2893 ut
1690 2821 1762 2891 in
1799 2846 2120 2894 amorem
2167 2847 2376 2896 suum
2430 2824 2645 2895 frater
2674 2822 2905 2919 major

798 2933 1132 3007 dominus
1161 2935 1557 3008 Ludovicus
1584 2935 1984 3010 firmissime
2012 2938 2553 3030 confoederaret,
2593 2952 2904 3011 castrum

797 3047 1256 3121 Meduntense
1267 3052 1313 3140 ⁸,
1360 3074 1572 3148 prece
1624 3052 1866 3148 patriS,
1930 3054 2387 3146 matrimonio
2428 3053 2897 3127 confirmavit.

799 3168 960 3252 Qua
983 3165 1353 3239 occasione
1374 3180 1604 3239 castro
1634 3167 1971 3240 custodiae
2023 3194 2163 3242 suae
2195 3186 2512 3269 recepto,
2560 3186 2904 3267 tanquam

807 3280 867 3353 si
898 3281 1109 3354 oculo
1132 3307 1262 3353 suo
1285 3281 1629 3354 festucam
1663 3266 2037 3375 eruissent,
2068 3300 2193 3357 aut
2219 3285 2670 3385 circumsepti
2697 3308 2904 3385 repa-

883 3556 942 3611 ¹.
989 3554 1272 3609 Trusfflus
1332 3553 1487 3627 543,
1538 3556 1691 3625 135,
1751 3564 1811 3612 et
1864 3552 1959 3612 ed.
2002 3552 2219 3611 Bened.
2250 3586 2331 3597 —
2366 3558 2651 3613 Tmo-ellus
2702 3558 2856 3616 5925
2881 3598 2900 3628 ,

800 3644 1051 3722 itemque
1081 3643 1221 3705 edit.
1250 3644 1468 3705 Chesn!
1491 3678 1566 3693 -
1599 3649 1911 3703 Tru-uellus
1937 3645 2059 3704 alii.
2096 3648 2266 3721 Quod
2297 3666 2611 3725 cognomen
2654 3647 2900 3708 Gnidoni

801 3746 1040 3815 propter
1061 3733 1387 3797 vexationes
1414 3738 1487 3797 ab
1513 3756 1583 3797 eo
1614 3736 1897 3797 exercitas
1934 3739 2080 3797 sorte
2104 3737 2455 3819 applicatum
2476 3750 2584 3799 est.

882 3832 944 3891 2.
987 3829 1172 3908 Vulgo
1195 3832 1547 3905 ΜοπεΙΙιένγ.

883 3928 942 3983 3.
986 3922 1080 3983 Sic
1113 3928 1226 3985 135
1258 3937 1316 3985 et
1351 3924 1486 3985 edd.
1519 3926 1730 3985 Chesn.
1759 3946 1828 3984 ac
1863 3924 2159 3990 Benedict.
2210 3960 2291 3972 —
2346 3926 2649 3986 Cor-bomne·
2683 3929 2901 3987 mio.

806 4048 884 4067 ι·-
907 4016 1220 4077 corbaram·
1273 4020 1454 4085 5925,
1510 4022 1773 4077 6265.-
1804 4019 2109 4079 Corbaram
2161 4022 2296 4081 543.
2314 4054 2397 4066 —-
2424 4018 2754 4081 Cor-borant?
2804 4019 2901 4077 ed.

805 4110 1002 4173 Germ.
1029 4114 1083 4167 Is
1105 4123 1192 4170 est
1213 4108 1548 4189 Kerbogha,
1577 4111 1849 4172 Durbetae
1870 4113 2163 4195 princeps.

880 4205 941 4265 4.
987 4205 1280 4282 utsupra.
1331 4237 1411 4251 -
1433 4207 1491 4261 ὕ.
1535 4208 1890 4263 Metumense
1917 4211 2053 4266 135.
2090 4206 2275 4287 Vulgo
2301 4212 2561 4279 Mance-5,
2628 4282 2639 4291 -
