3275 5317
844 628 959 685 380
1276 626 1604 684 OEuvnns
1643 610 2068 683 COMPLETES
2109 624 2211 682 DE
2251 622 2522 683 suom.

836 759 1070 833 viduae
1111 756 1691 853 ingrediebantur
1739 754 1833 826 ad
1869 755 2262 855 principem
2300 783 2317 825 t
2356 770 2427 827 et
2465 781 2601 855 pro
2631 756 2744 829 his
2777 758 2917 855 qui-

838 875 1005 949 dem
1029 897 1305 973 semper
1336 869 1885 962 interveniebat,
1913 870 2302 969 aliquando
2339 896 2506 944 vero
2532 871 2926 971 imperabat.

835 991 1011 1079 Quis
1062 1011 1382 1086 unquam
1440 1011 1826 1086 oppressus
1887 1000 1959 1058 et
2007 986 2346 1085 injuriam
2401 988 2760 1059 sustinens
2803 1013 2930 1061 non

832 1104 1031 1177 hunc
1058 1118 1449 1203 patronum
1474 1101 1768 1194 habuit,
1805 1102 1865 1173 si
1901 1100 2123 1173 modo
2165 1102 2466 1175 honesta
2516 1102 2708 1175 illius
2746 1128 2932 1176 musa

833 1220 1109 1293 extitit?
1138 1222 1461 1317 Cumque
1490 1217 1583 1290 ab
1614 1242 1703 1291 eo
1725 1218 1890 1315 jura
1915 1214 2382 1311 dictarentur,
2407 1218 2613 1290 nullo
2637 1244 2933 1316 unquam

830 1337 1062 1433 pretio
1108 1334 1485 1407 declinavit
1540 1358 1583 1404 a
1627 1348 1851 1423 recto,
1893 1331 2163 1405 nullius
2211 1358 2602 1431 personam
2650 1336 2936 1433 respexit

832 1452 906 1522 in
948 1450 1264 1547 judicic,
1314 1474 1449 1523 nec
1502 1448 1750 1521 dilexit
1800 1472 2130 1537 munera,
2185 1472 2320 1521 nec
2363 1464 2654 1523 secutus
2689 1465 2794 1523 est
2829 1474 2930 1522 re-

834 1566 1283 1639 tributiones.
1358 1564 1534 1652 Quis
1618 1563 1837 1635 talem
1904 1564 1978 1635 in
2063 1563 2186 1635 illo
2263 1589 2412 1636 non
2475 1566 2888 1639 ammiretur
2917 1570 2932 1603 ¹

829 1680 1181 1770 animum,
1216 1678 1732 1781 cupiditatibus
1784 1680 2161 1767 intactum,
2213 1680 2288 1751 in
2338 1678 2574 1753 media
2619 1678 2935 1753 felicitate

830 1794 1207 1886 humilem,
1245 1795 1315 1867 in
1364 1792 1585 1867 seculi
1626 1792 2168 1893 tempestatibus
2195 1793 2591 1893 placidum,
2623 1796 2935 1895 periculis

836 1908 1459 1984 interritum?Erat
1488 1910 1737 2007 utique
1770 1910 2002 2007 major
2030 1932 2253 2008 quam
2299 1925 2378 1983 ut
2410 1910 2525 1984 tali
2561 1912 2926 1985 convenire

831 2024 1262 2125 corpusculo
1298 2024 1736 2097 crederetur.

931 2144 1194 2213 Verum
1225 2141 1393 2239 quia
1422 2139 1684 2213 illustri
1713 2142 1872 2213 viro
1914 2138 2007 2211 ab
2039 2140 2314 2213 aemulis
2341 2138 2714 2212 humilitas
2759 2140 2924 2239 obji-

830 2255 1015 2327 citur
1042 2257 1373 2352 generis’,
1401 2280 1550 2327 non
1586 2253 2043 2329 considerant
2064 2256 2227 2329 caeci
2261 2269 2335 2327 et
2363 2254 2660 2329 hebetes
2681 2256 2776 2329 ad
2801 2280 2932 2327 ma-

820 2370 1053 2469 jorem
1086 2371 1276 2443 illius
1324 2368 1616 2444 laudem
1647 2372 2000 2469 pertinere
2037 2370 2154 2443 vel
2201 2370 2498 2467 gloriam
2563 2396 2735 2443 suos
2777 2371 2930 2443 esse-

824 2486 1003 2558 cisse
1046 2486 1348 2575 nobileS,
1393 2510 1613 2585 quam
1662 2487 1854 2558 nasci
1905 2485 1998 2559 de
2037 2485 2426 2559 nobilibus
2469 2486 2614 2559 Sed
2645 2503 2720 2559 et
2749 2486 2928 2559 Plato

826 2602 926 2673 ait
956 2603 1323 2673 neminem
1358 2626 1593 2697 regem
1626 2626 1776 2675 non
1825 2626 1908 2673 ex
1940 2599 2336 2675 humilibus
2363 2602 2786 2693 oriundum,
2819 2628 2928 2673 ne-

826 2716 1099 2789 minem
1145 2742 1292 2790 non
1348 2716 1695 2789 humilem
1761 2741 1844 2791 ex
1898 2716 2208 2813 regibus,
2261 2716 2522 2791 Omnia
2567 2717 2702 2789 ista
2735 2718 2927 2814 longa

825 2832 1124 2904 varietas
1156 2832 1463 2922 miscuit,
1485 2847 1560 2904 et
1590 2856 1872 2905 sursum
1901 2832 2244 2906 deorsum
2275 2833 2558 2905 fortuna
2583 2835 2922 2907 versavit⁸.

829 2944 1113 3019 Nobiles
1142 2946 1363 3020 efficit
1382 2948 1689 3040 animuS,
1717 2972 1934 3046 quem
1965 2948 2042 3019 in
2069 2947 2212 3020 hoc
2237 2948 2392 3019 viro
2420 2947 2642 3021 talem
2669 2964 2926 3021 constat

824 3061 1063 3155 fuisse,
1119 3076 1197 3135 ut
1244 3064 1440 3136 hunc
1486 3087 1635 3136 non
1668 3062 2031 3135 immerito
2084 3061 2540 3161 descripsisse
2574 3064 2920 3157 credatur,

821 3182 945 3280 qui
971 3181 1071 3254 ait
1113 3210 1129 3253 :
1170 3212 1205 3247 α
1241 3186 1532 3256 Animus
1571 3184 1858 3257 intuens
1895 3208 2086 3276 vera,
2119 3184 2384 3283 peritus
2423 3183 2912 3280 fugiendorum

830 3328 863 3363 α
918 3322 1001 3369 ac
1022 3298 1527 3398 petendorum,
1560 3324 1710 3374 non
1733 3324 1818 3373 ex
1841 3300 2212 3399 opinione,
2239 3298 2362 3373 sed
2387 3324 2475 3371 ex
2497 3316 2757 3373 natura
2782 3324 2920 3399 pre-

901 3591 963 3647 1.
988 3590 1386 3646 Admirantur
1410 3588 1547 3648 edd.

898 3679 1420 3759 2.1gnobilitatem
1452 3680 1680 3760 generis
1721 3680 1810 3741 sui
1853 3680 2068 3741 fatetur
2101 3678 2346 3761 ipsemet
2383 3680 2664 3759 sugerius
2703 3680 2766 3741 in
2803 3680 2921 3740 viu

818 3771 1099 3832 Ludovici
1124 3778 1231 3833 vl·
1217 3774 1510 3855 ,patriam
1536 3774 1682 3834 vero
1713 3792 1904 3854 neque
1929 3774 2002 3847 is,
2031 3792 2222 3853 neque
2263 3772 2412 3833 alius
2443 3773 2752 3853 quisquam
2777 3773 2920 3833 iudi·

816 3865 973 3927 cavit
996 3864 1236 3945 (Bened.
1240 3868 1289 3950 ).
1326 3902 1407 3915 —
1444 3868 1891 3929 Audomarensis
1920 3869 2108 3949 patria
2133 3866 2490 3949 probabilius
2517 3868 2651 3941 fuit,
2676 3888 2746 3926 ac
2759 3867 2922 3927 frater

816 3958 1040 4033 Alvisii,
1069 3961 1457 4022 Atrebatensis
1483 3960 1767 4043 episcopi,
1809 3960 1962 4022 filius
1995 3958 2140 4022 vero
2173 3958 2469 4042 cujusdam
2495 3956 2830 4021 Helinandi.
2855 3962 2920 4020 V.

816 4058 879 4112 J.
906 4058 1103 4125 Lirem
1126 4058 1415 4133 Singular.
1444 4056 1644 4115 histor.
1675 4058 1758 4129 11,
1793 4058 1896 4117 48.

898 4148 958 4209 3.
1002 4150 1136 4207 Haec
1166 4146 1344 4207 verba
1378 4160 1672 4207 mutuatus
1705 4157 1792 4206 est
1819 4144 2146 4207 willelmus
2173 4150 2208 4206 a
2243 4149 2461 4209 Seneca
2499 4146 2600 4227 (ad
2649 4146 2922 4209 Lucilium

816 4258 913 4319 ep.
943 4239 1043 4321 ²14)
1072 4261 1087 4299 :
1124 4266 1151 4296 ι
1173 4240 1336 4302 Plato
1363 4240 1445 4301 ait
1466 4240 1754 4301 neminem
1781 4260 1976 4319 regem
2003 4260 2120 4301 non
2147 4260 2222 4301 ex
2243 4240 2424 4301 servis
2451 4259 2577 4301 esse
2597 4240 2918 4311 oriundum,

817 4333 1105 4395 neminem
1132 4354 1252 4395 non
1288 4352 1515 4396 servum
1535 4355 1609 4396 ex
1634 4334 1928 4413 regibus.»
1958 4334 2206 4413 Reliqua
2227 4334 2301 4396 de
2321 4354 2428 4395 suo
2447 4334 2670 4396 addidit
2689 4338 2916 4397 Seneca.
