3275 5317
781 549 856 607 54
1197 547 1524 607 OEUVRES
1567 538 1996 609 COMPLETES
2034 552 2137 607 DE
2176 551 2446 613 SUGER.

779 679 1162 777 majestatis
1183 679 1481 751 arbitrio
1500 679 2067 771 succumbentes,
2090 696 2240 753 tam
2270 706 2344 753 se
2371 706 2591 779 quam
2621 708 2887 779 arcem,

780 821 930 868 non
985 795 1386 867 inconsulto
1450 794 1745 867 domino
1800 820 1958 886 suc,
1995 813 2500 895 exposuerunt.
2564 800 2679 872 Sic
2742 826 2893 873 uno

777 914 975 1011 facto
1003 914 1171 1007 pius
1193 928 1264 983 et
1293 911 1683 983 sceleratus
1714 912 2007 1008 eodem¹,
2034 912 2436 1012 dapiferum
2468 914 2632 1006 sibi,
2665 914 2895 987 fratri-

781 1027 920 1100 bus
952 1026 1271 1115 fratrem,
1304 1027 1916 1101 Corboilensibus⁸
1936 1030 2303 1121 comitem,
2332 1044 2477 1101 tam
2502 1030 2899 1129 prudenter

784 1167 1004 1242 quam
1057 1142 1446 1215 clementer
1488 1146 1818 1217 restituit.
1859 1148 1967 1216 De
2007 1145 2297 1217 castello
2328 1145 2644 1218 militum
2687 1173 2899 1246 quos-

782 1256 977 1351 dam,
1013 1283 1266 1332 eorum
1289 1257 1484 1330 bona
1511 1259 1985 1358 depopulanS,
2013 1258 2509 1350 exhaeredavit,
2540 1262 2895 1359 quosdam

785 1376 1102 1449 diuturni
1138 1377 1441 1448 carceris
1473 1378 1976 1468 maceratione,
2012 1393 2094 1450 ut
2124 1392 2425 1451 terreret
2460 1381 2865 1453 consimiles
2869 1439 2893 1473 ,

785 1490 1130 1587 affligens,
1193 1490 1572 1563 durissime
1619 1492 1861 1590 puniri
1910 1492 2236 1565 instituit.
2274 1493 2563 1591 Talique
2594 1496 2895 1568 victoria

788 1628 1070 1676 coronae
1115 1603 1458 1702 primitias
1507 1618 1759 1675 contra
1790 1603 2214 1676 aemulorum
2244 1606 2660 1703 opinionem
2692 1630 2895 1702 egre-

787 1719 922 1815 gie,
967 1722 1122 1790 Deo
1149 1716 1486 1810 donante,
1519 1718 1951 1791 nobilitavit.

887 1836 1040 1905 XV.
1085 1837 1178 1905 Ea
1207 1834 1674 1931 tempestate⁸,
1711 1835 1803 1906 ad
1838 1850 2071 1933 partes
2109 1839 2688 1908 Normannorum
2718 1862 2902 1909 con-

791 1948 947 2043 tigit
968 1948 1328 2019 devenisse
1357 1973 1597 2045 regem
1624 1948 2018 2045 Anglorum
2050 1951 2465 2041 Hem-icum,
2500 1952 2733 2024 virum
2760 1952 2902 2023 for-

795 2064 1170 2154 tissimum,
1210 2087 1383 2161 pace
1407 2079 1478 2136 et
1505 2062 1701 2135 bello
1732 2063 2031 2137 clarum.
2058 2064 2275 2162 Cujus
2303 2064 2805 2138 admirabilem
2833 2082 2904 2141 et

792 2200 976 2275 pene
1011 2199 1141 2274 per
1174 2176 1588 2247 universum
1629 2176 1886 2248 orbem
1928 2176 2361 2249 declaratam
2410 2178 2905 2253 excellentiam

794 2290 911 2363 ille
942 2291 1161 2363 etiam
1178 2291 1471 2386 agrestis
1499 2306 1719 2382 vates,
1752 2292 2140 2387 Anglorum
2166 2293 2583 2390 sempiterni
2611 2310 2908 2367 eventus

795 2404 1134 2479 mirabilis
1167 2422 1524 2507 spectator
1555 2422 1628 2479 et
1658 2407 1946 2495 relator,
1972 2408 2341 2498 MerlinuS,
2378 2422 2525 2479 tam
2555 2408 2910 2505 eleganter

799 2546 1016 2618 quam
1068 2524 1408 2596 veraciter
1449 2548 1735 2595 summo
1778 2522 2134 2621 praeconio
2175 2524 2662 2618 commendat,
2712 2550 2798 2597 ac
2828 2527 2905 2597 in

798 2637 949 2733 ejus
988 2637 1229 2710 laude⁶
1255 2664 1430 2711 voce
1455 2637 1879 2737 prophetica
1923 2663 2300 2736 erumpens
2332 2665 2417 2712 ex
2450 2640 2789 2739 abrupto,
2822 2654 2904 2713 ut

801 2768 1045 2825 vatum
1103 2780 1260 2827 mos
1311 2754 1651 2826 inolevit:
1681 2753 2100 2844 «Succedet,
2144 2756 2404 2853 inquit,
2442 2754 2555 2827 leo
2591 2756 2904 2851 justitioe,

809 2898 844 2934 α
886 2868 979 2939 ad
1011 2869 1214 2966 cujus
1253 2872 1568 2965 rugitum
1602 2869 1964 2966 gallicanae
2016 2884 2243 2942 turres
2282 2886 2355 2941 et
2396 2868 2703 2942 insulani
2755 2870 2914 2941 dra-

808 3012 846 3051 «
889 3008 1106 3056 cones
1144 2984 1580 3057 tremebunt.
1623 2989 1705 3056 In
1751 2984 2002 3057 diebus
2029 2986 2204 3082 ejuS,
2240 3010 2495 3057 aurum
2528 3011 2613 3058 ex
2642 2986 2798 3059 lilio
2838 3003 2917 3060 et

812 3128 847 3165 (ι
889 3100 1118 3170 urtica
1168 3101 1727 3197 extorquebitur,
1770 3116 1840 3172 et
1884 3116 2250 3195 argentum
2286 3126 2375 3172 ex
2422 3102 2704 3197 ungulis
2748 3127 2919 3173 mu-

812 3242 848 3279 «
884 3212 1225 3309 gientium
1264 3216 1608 3288 manabit.
1667 3214 2133 3286 Calamistrati
2181 3216 2372 3287 varia
2404 3215 2667 3289 vellera
2698 3218 2913 3291 vesti-

812 3360 849 3399 «
885 3329 1094 3423 bunt,
1126 3332 1293 3428 quia
1315 3332 1620 3403 exterior
1639 3330 1929 3403 habitus
1951 3332 2287 3403 interiora
2318 3330 2659 3427 signabit3
2697 3333 2919 3431 pedes

813 3476 848 3512 ιι
890 3447 1301 3520 latrantium
1331 3445 1875 3539 truncabuntur,
1893 3471 2148 3545 pacem
2165 3446 2537 3520 habebunt
2564 3447 2754 3541 ferae,
2785 3446 2921 3521 hu-

886 3710 949 3765 1.
991 3700 1186 3763 Ovidii
1208 3707 1482 3777 Metam„
1515 3702 1622 3763 lib.
1654 3705 1764 3777 111,
1794 3722 1857 3763 v.
1890 3706 1945 3763 3.

888 3803 951 3859 2.
979 3797 1423 3857 Curboilensibus
1451 3802 1588 3861 343.

887 3894 952 3953 3.
989 3895 1159 3951 Anno
1210 3894 1389 3952 1109.
1443 3895 1554 3950 Hic
1603 3890 1807 3970 incipit
1854 3902 2129 3969 quartum
2180 3888 2564 3968 fragmentum
2618 3889 2750 3949 cod.
2798 3893 2916 3951 133

805 3984 1110 4057 insertum,
1136 3982 1226 4065 cuj
1235 4004 1300 4043 us
1327 3984 1411 4043 sic
1441 3983 1701 4042 initium:
1733 3986 1989 4061 Contigit
2004 3997 2199 4041 autem
2224 3986 2460 4041 eundem
2488 3988 2797 4042 Hem-icum
2838 3984 2928 4041 ad

801 4094 1002 4157 partes
1025 4085 1235 4137 venisse
1261 4085 1728 4155 Nor-manamaur,
1756 4084 1933 4135 virum
1953 4079 2323 4154 fortissimum
2339 4091 2397 4134 et
2412 4079 2573 4135 valde
2588 4080 2825 4137 clarum.

889 4178 946 4233 4.
979 4176 1359 4235 Commendat.
1387 4176 1500 4230 Hic
1529 4178 1589 4226 in
1613 4178 1735 4244 ejus
1754 4173 1925 4228 laude
1948 4172 2086 4231 133.
2116 4174 2205 4229 De
2223 4168 2317 4229 his
2334 4169 2597 4230 laudibus
2612 4181 2671 4229 et
2693 4165 2925 4229 merlini

805 4266 1133 4347 prophan,
1161 4266 1235 4324 cf.
1269 4264 1476 4326 order.
1511 4262 1711 4337 vital„
1737 4261 1844 4323 lib.
1874 4265 1961 4321 XI
1988 4275 2047 4321 et
2074 4264 2212 4323 XII.
