3275 5317
968 528 1083 585 14⁶
1400 521 1731 579 OEUVRFS
1767 504 2196 581 comam-trs
2233 522 2338 577 nn
2375 520 2642 580 suem.

964 658 1133 749 Qui,
1176 654 1712 727 communicato
1765 677 1935 724 cum
1973 650 2442 723 familiaribus
2489 649 2820 741 consilio,
2865 650 3038 723 solita

962 769 1541 868 magnanimitate
1571 780 1924 863 gratanter
1955 765 2196 838 oblata
2247 766 2656 864 suscipiens»,
2711 767 3038 838 oerissimo

963 886 1115 959 filio
1153 882 1519 955 Ludovico
1579 904 1740 953 eam
1797 880 2120 979 copulari
2147 884 2168 919 ¹
2225 881 2603 978 promittit,
2671 906 2948 953 necnon
2983 896 3036 952 et

963 1001 1301 1099 deinceps
1340 996 1663 1069 nobilem
1707 1010 2127 1094 apparatum
2167 996 2262 1067 ad
2308 994 2814 1069 destinandum
2839 998 2863 1031 ¹
2901 997 3036 1068 illuc

960 1116 1355 1214 componit,
1420 1110 2028 1185 nobilissimorum
2048 1113 2072 1149 ³
2095 1110 2416 1183 virorum
2438 1110 2834 1183 exercitum
2857 1112 3034 1207 quin·

962 1247 1339 1329 gentorum
1374 1242 1443 1299 et
1475 1252 1565 1298 eo
1603 1225 1910 1323 amplius
1934 1226 2248 1299 militum
2287 1224 2380 1298 de
2415 1224 2834 1299 melioribus
2868 1226 3035 1321 regni

960 1347 1254 1442 colligit,
1296 1344 1415 1415 cui
1447 1342 1662 1414 etiam
1683 1340 2078 1439 palatinum
2111 1341 2452 1414 comitem
2475 1340 2958 1413 Theobaldum
2980 1356 3034 1411 et

957 1464 1319 1559 egregium
1375 1455 2012 1531 Viromandensem
2067 1458 2411 1531 comitem
2461 1462 3034 1554 consanguineum

962 1576 1347 1650 Radulfum
1392 1598 1689 1673 praeesse
1750 1573 2144 1646 constituit.
2213 1579 2356 1645 Nos
2403 1588 2644 1645 autem
2693 1574 3036 1646 familiares

958 1696 1137 1789 ejus,
1175 1708 1248 1765 et
1272 1713 1767 1789 quoscumque
1807 1689 2106 1762 sanioris
2129 1689 2404 1761 consilii
2453 1690 2768 1787 reperire
2810 1690 3030 1788 potuit,

958 1807 1027 1877 ei
1080 1806 1611 1904 concopulavit,
1667 1802 1768 1875 sic
1829 1806 1906 1875 in
1955 1805 2108 1901 ejus
2151 1808 2346 1877 exitu
2405 1802 2554 1875 filio
2615 1805 3030 1878 valedicens:

966 1950 1005 1987 α
1048 1923 1369 2015 Protegat
1400 1934 1497 2011 te,
1534 1918 1794 2017 inquit,
1831 1934 1904 1991 et
1943 1934 2133 2010 tuos,
2171 1920 2274 1991 fili
2305 1920 2690 2010 carissime,
2737 1922 3032 2017 omnipo-

964 2064 1003 2102 α
1038 2036 1251 2107 tentis
1307 2036 1465 2127 Dei,
1529 2060 1660 2134 per
1726 2061 1943 2134 quem
2005 2060 2206 2132 reges
2267 2052 2590 2133 regnant,
2643 2036 3032 2109 validissima

964 2180 1003 2217 α
1042 2149 1329 2222 dextera
1367 2178 1387 2239 ;
1424 2153 1591 2248 quia
1619 2153 1680 2224 si
1717 2168 1790 2223 te
1829 2169 1898 2223 et
1947 2176 2130 2249 quos
2161 2168 2400 2224 tecum
2448 2152 2860 2223 transmitto
2891 2174 3033 2247 quo-

964 2296 1001 2331 «
1038 2290 1349 2364 cumque
1382 2267 1779 2338 infortunio
1817 2268 2246 2357 amitterem,
2284 2292 2417 2339 nec
2459 2291 2580 2341 me
2611 2264 3029 2366 praesentiali-

965 2412 1001 2447 α
1036 2396 1144 2454 ter
1160 2408 1292 2454 nec
1322 2406 1625 2478 regnum
1657 2407 2012 2455 curarem.
2055 2413 2091 2448 >2
2131 2383 2469 2479 Copiosas
2501 2383 2721 2456 etiam
2757 2406 2950 2479 gazas
2975 2394 3030 2452 et

960 2496 1461 2570 thesaurorum
1484 2497 1984 2569 sufficientiam
2016 2496 2448 2591 deliberans,
2485 2523 2580 2569 ne
2602 2496 2790 2596 quid
2817 2498 2886 2569 in
2909 2509 3031 2567 toto

960 2610 1225 2684 ducatu
1250 2615 1635 2711 Aquitaniae
1662 2616 1964 2713 rapiant,
1996 2639 2086 2686 ne
2131 2631 2400 2686 terram
2429 2628 2555 2686 aut
2579 2629 2790 2685 terrae
2827 2634 3037 2711 paupe·

958 2752 1075 2800 res
1112 2727 1396 2820 laedant,
1452 2754 1545 2801 ne
1595 2731 1864 2801 amicos
1895 2730 2224 2801 inimicos
2275 2729 2536 2801 faciant
2589 2729 2784 2825 regia
2827 2726 3034 2822 majes-

962 2857 1108 2914 tate
1136 2844 1551 2916 interminat
1584 2871 1605 2935 ;
1638 2860 1724 2917 ut
1751 2860 2024 2941 gratam
2045 2848 2067 2884 ⁸
2095 2846 2435 2917 exercitui
2469 2844 2560 2933 de
2589 2845 2879 2943 proprio
2907 2865 3036 2913 aera·

962 2958 1072 3028 rio
1121 2958 1616 3055 quotidianam
1667 2958 2053 3032 exhibeant
2097 2960 2686 3033 deliberationem
2732 2960 3041 3057 imperare

964 3094 1113 3144 non
1146 3072 1451 3147 dubitat.
1492 3076 1660 3165 Qui,
1701 3100 1870 3147 cum
1899 3100 2031 3175 per
2065 3076 2660 3151 Limovicensium
2678 3078 2702 3113 ⁸
2719 3089 2945 3173 partes
2969 3068 3041 3141 ad

967 3186 1593 3284 Burdegalensium
1620 3188 1800 3261 fines
1845 3190 2434 3288 pervenissemus,
2493 3204 2660 3261 ante
2715 3190 3044 3262 civitatem

968 3304 1383 3405 interposito
1412 3330 1676 3402 magno
1717 3306 1936 3379 fluvio
1967 3310 2254 3381 Garona
2277 3308 2300 3345 ⁸
2327 3306 2634 3379 tentoria
2665 3305 3039 3389 defiximus,

1048 3584 1075 3638 1
1094 3626 1108 3641 .
1142 3580 1511 3656 concopulat·
1544 3583 1765 3643 12710.
1791 3614 1871 3626 —
1893 3583 1954 3638 2.
1985 3582 2390 3638 Festinandum
2419 3578 2502 3639 id.
2535 3578 2666 3643 cod.

1046 3676 1105 3731 3.
1136 3674 1223 3731 Ita
1244 3691 1445 3731 omnes
1469 3672 1773 3733 editiones.
1791 3672 2294 3735 —Nobilissimum
2313 3684 2475 3751 quat.
2494 3672 2716 3731 laudati
2737 3670 2980 3731 codices.

964 3768 1107 3913 edas.
1142 3768 1375 3823 Gratum
1424 3764 1653 3825 codices
1701 3784 1899 3825 omnes
1933 3777 1992 3824 et
2025 3764 2166 3826 edit.
2207 3763 2504 3826 Benedict.
2541 3798 2624 3811 ——
2669 3770 2906 3826 Gratum
2946 3758 3045 3820 aliz

1048 3950 1104 4053 5.
1136 3952 1597 4008 Limovt'censium
1637 3952 1753 4010 543
1793 3961 1970 4028 atque
2003 3948 2137 4009 edd.
2169 3981 2250 3995 —
2284 3954 2756 4009 lemovicensium
2789 3962 2906 4009 tres
2935 3942 3048 4006 reli·

964 4039 1367 4193 quisogssvna
1408 4138 1550 4213 543,
1580 4134 1762 4212 5925,
1799 4146 1858 4195 et
1896 4134 2035 4197 edd.
2059 4166 2140 4181 —
2159 4140 2422 4199 Warona
2459 4137 2679 4200 12710.
2701 4166 2786 4181 —
2815 4140 3052 4195 δαν-σω

966 4228 1143 4285 6265.
