3275 5317
902 628 1027 685 VIE
1064 628 1165 684 DE
1205 628 1429 684 LOUIS
1464 628 1563 684 LE
1601 626 1816 685 GROS.
2337 632 2412 687 65

308 774 383 831 et
411 756 718 831 militum
748 772 821 829 et
847 757 1173 856 peditum
1204 756 1459 853 singuli
1487 782 1620 855 pro
1654 773 1806 830 toto
1836 781 2045 855 posse
2065 759 2250 831 vires
2273 760 2418 832 col-

308 874 631 967 ligenteS,
672 872 1012 969 quoniam
1048 870 1397 945 timebant
1425 872 2000 971 potentissimum
2027 898 2264 969 regem
2282 881 2420 947 An-

308 985 594 1083 glorum
650 989 1039 1061 Hem-icum
1096 986 1421 1087 praesidia
1482 986 1974 1086 proditoribus
2035 989 2218 1061 ferre
2240 1043 2262 1081 ,
2326 988 2422 1061 ad

312 1126 569 1201 rupem
599 1102 964 1194 festinant3
1002 1102 1279 1174 declivo
1308 1102 1507 1199 rupis
1551 1103 1818 1175 multos
1864 1102 2166 1175 militum
2201 1116 2274 1175 et
2305 1127 2426 1200 pe-

312 1218 575 1309 ditum,
611 1242 703 1288 ne
739 1218 901 1313 quis
946 1216 1159 1287 intret
1202 1230 1327 1287 aut
1367 1230 1591 1306 exeat,
1641 1230 2060 1314 opponunt3
2099 1217 2286 1287 viam
2339 1241 2425 1288 ex

311 1348 514 1430 parte
554 1337 1131 1405 Normannorum
1162 1332 1468 1405 locando
1508 1334 1898 1405 exercitum
1912 1388 1934 1426 ,
1974 1358 2066 1405 ne
2101 1333 2428 1433 praesidia

318 1448 577 1537 ferant,
605 1446 1030 1519 obtrudunt.

415 1561 713 1635 Interim
740 1561 831 1634 ad
857 1587 1096 1657 regem
1117 1563 1415 1635 mittunt
1452 1563 1895 1636 Ludovicum
1913 1618 1932 1653 ,
1962 1563 2393 1637 fauctionem
2411 1568 2430 1604 ¹

320 1677 743 1774 significant,
781 1684 853 1748 e't
878 1677 1056 1774 quid
1088 1678 1444 1775 superbis
1470 1680 1829 1779 praecipiat
1857 1679 2260 1751 consulunt.
2289 1678 2430 1766 Qui

320 1793 523 1888 regiae
556 1792 938 1889 majestatis
959 1792 1262 1890 imperio
1292 1808 1523 1864 morte
1556 1794 1899 1891 exquisita
1928 1808 1999 1865 et
2028 1794 2430 1892 turpissima

322 1908 639 2005 praecipit
680 1906 920 2005 puniri
942 1902 964 1934 ⁸
996 1935 1017 1999 3
1104 1908 1419 1998 mandat,
1477 1908 1535 1978 si
1590 1923 1966 2005 oporteat,
2021 1908 2426 2004 suffragari.

323 2022 653 2115 Cumque
677 2044 803 2116 per
826 2018 1099 2113 aliquot
1130 2019 1283 2091 dies
1316 2020 1666 2092 exercitus
1691 2018 2154 2111 consedisset,
2187 2019 2434 2091 nefan-

331 2134 469 2207 dus
494 2133 637 2224 ille,
680 2148 1131 2229 augmentato
1181 2135 1273 2206 de
1303 2134 1423 2206 die
1455 2136 1531 2205 in
1575 2134 1770 2206 diem
1803 2135 2142 2225 exercitu,
2186 2135 2438 2206 timere

330 2250 569 2348 coepit.
606 2251 929 2346 Cumque
962 2250 1137 2346 quid
1170 2250 1511 2322 suadente
1538 2248 1832 2322 diabolo
1859 2249 2167 2339 fecisset,
2203 2272 2290 2319 eo
2317 2246 2442 2319 do-

331 2381 571 2454 cente,
627 2363 1262 2452 animadverteret‚
1313 2365 1551 2437 accitis
1602 2364 2039 2461 quibusdam
2073 2362 2442 2435 vilcassini

331 2480 833 2571 nobilioribuS,
886 2477 1259 2578 quomodo
1316 2503 1495 2577 pace
1538 2479 1614 2550 in
1655 2504 1832 2577 rupe
1881 2493 2249 2550 remaneat
2271 2533 2290 2567 ,
2342 2478 2443 2549 eis

332 2597 887 2685 confoederetur,
906 2596 1057 2690 regi
1078 2598 1513 2667 Francorum
1539 2595 1811 2690 optime
1835 2595 2120 2684 serviat,
2143 2594 2444 2691 promis-

335 2710 659 2782 sionibus
710 2710 961 2780 multis
1012 2706 1353 2781 elaborat.
1420 2709 1559 2794 Qui
1604 2709 2028 2805 rejicienteS,
2091 2724 2160 2781 et
2199 2708 2445 2807 prodi-

340 2826 556 2898 tionis
617 2824 968 2896 ultionem
1019 2825 1606 2922 improperanteS,
1669 2825 1745 2895 in
1791 2824 1930 2895 hoc
1964 2824 2116 2920 jam
2162 2825 2397 2921 ipsum
2425 2826 2450 2861 ⁸

335 2940 719 3013 remissum
748 2939 1217 3038 impulerunt,
1242 2955 1323 3011 ut
1336 2940 1425 3012 sit
1442 2964 1680 3013 erram
1694 2940 2057 3038 quandam
2089 2940 2224 3011 sibi
2250 2941 2445 3037 adju-

335 3056 475 3128 rari
503 3055 843 3147 facerent,
879 3071 949 3127 et
982 3056 1432 3129 securitatem
1459 3053 1680 3127 eundi
1713 3056 1988 3147 darent,
2023 3072 2444 3153 occupatam

338 3170 727 3243 dimitteret
756 3169 857 3240 eis
900 3170 1396 3241 munitionem.
1446 3174 1609 3256 Quo
1626 3169 2095 3266 jurejurando
2127 3168 2438 3255 firmato,

338 3290 775 3358 Francorum
806 3284 1046 3382 plures
1070 3285 1093 3321 ⁸
1118 3285 1384 3383 recepti
1425 3298 1615 3356 sunt.
1657 3286 2174 3357 Procrastinato
2201 3300 2443 3356 autem

343 3425 589 3475 eorum
618 3402 834 3489 exitu,
868 3400 1241 3472 occasione
1261 3400 1547 3499 praefata
1567 3404 1613 3491 ⁸,
1653 3424 1822 3472 cum
1849 3400 1923 3471 in
1951 3424 2164 3471 mane
2190 3412 2449 3496 praeter

333 3516 609 3612 juratos
652 3516 872 3612 aliqui
914 3517 1286 3607 intrarent,
1324 3532 1395 3587 et
1434 3514 1550 3587 alii
1583 3513 1760 3587 alios
1811 3528 2301 3612 sequerentur,
2335 3512 2446 3583 in-

343 3632 563 3705 valuit
609 3632 879 3705 clamor
923 3633 1381 3723 exteriorum,
1425 3646 1496 3703 et
1522 3645 1603 3702 ut
1640 3629 2050 3729 proditores
2093 3640 2449 3725 exponant

422 3866 454 3922 1
470 3904 487 3923 .
514 3866 835 3921 Fac-tionem
857 3866 1038 3925 6265.

424 3960 485 4017 2.
509 3960 739 4016 Muniri
762 3958 899 4033 135,
922 3968 979 4017 et
1002 3954 1133 4015 edd.
1166 3952 1379 4017 Chesn.
1413 3974 1481 4015 ac
1511 3956 1712 4016 Germ.

426 4053 489 4109 3.
511 4053 705 4125 Ipsum
730 4048 885 4108 solus
918 4052 1057 4121 135,
1080 4061 1138 4109 et
1161 4048 1296 4112 edd.

425 4146 485 4202 ¹1.
518 4147 859 4203 Francorum
900 4149 1074 4219 pauci
1108 4148 1309 4218 plures
1352 4146 1493 4203 543.
1539 4174 1617 4189 --
1669 4144 1880 4201 Franci
1921 4144 2094 4215 pauci
2125 4142 2321 4215 plures
2354 4134 2455 4196 alii

345 4235 780 4406 ωξὲ.ΡνεεῙ“αια
807 4332 923 4390 135
963 4341 1023 4391 et
1042 4330 1181 4392 edit.
1208 4362 1283 4378 -
1312 4332 1573 4405 Prael'atae
1594 4344 1756 4389 cerrae
1777 4340 2029 4407 quatuor
2053 4325 2152 4384 alii
2180 4323 2354 4384 codd.

2224 4434 2261 4490 5
