3275 5317
968 498 1095 555 VIE
1134 498 1235 553 DE
1274 496 1499 555 LOUIS
1536 498 1633 553 LE
1675 496 1898 555 GROS.
2368 499 2472 555 111

375 653 621 702 amore
663 642 913 701 nostro
956 626 1317 727 deturpari
1362 642 1437 699 et
1470 626 1925 699 dehonestari
1976 628 2172 722 regio
2205 652 2486 701 carcere

374 747 861 846 permitterem
893 774 913 837 ;
948 759 1194 817 utrum
1219 742 1435 815 etiam
1472 768 1607 841 pro
1636 742 1748 814 his
1782 757 1856 814 et
1883 741 2300 839 hujusmodi
2327 768 2488 816 eam

372 878 840 962 postponenS,
900 875 1113 933 tantae
1142 860 1658 958 improperium
1693 856 1992 956 repulsae
2021 860 2481 933 incurrerem.

376 982 703 1075 Cumque
734 976 825 1048 de
852 977 1031 1047 meis
1060 975 1373 1073 aliquem
1408 975 1710 1047 domino
1737 998 1961 1073 papae,
2003 989 2084 1047 ut
2115 998 2332 1073 super
2373 973 2488 1047 his

375 1094 783 1167 consuleret
799 1150 823 1184 ,
874 1093 1234 1164 remittere
1289 1089 1801 1185 deliberarem,
1875 1090 2116 1165 subito
2179 1092 2491 1165 occurrit

376 1210 585 1283 nobis
643 1208 941 1281 clericus
1004 1231 1347 1281 romanus
1360 1265 1384 1299 ,
1444 1208 1710 1281 nobilis
1773 1222 1843 1281 et
1885 1206 2269 1297 ,familiaris
2283 1264 2308 1299 ,
2361 1208 2490 1304 qui

377 1323 577 1424 quod
669 1339 1093 1425 sumptuoso
1170 1324 1415 1397 labore
1500 1349 1633 1423 per
1715 1338 2000 1397 nostros
2071 1324 2490 1427 volebamus

379 1466 511 1540 per
572 1441 887 1539 seipsum
965 1440 1203 1513 facere
1277 1440 1515 1513 votive
1582 1440 1889 1539 suscepit
1912 1493 1930 1511 .
2019 1439 2488 1511 Praemisimus

379 1556 594 1630 etiam
616 1554 710 1629 de
732 1556 993 1628 nostris
999 1614 1022 1648 ,
1040 1581 1205 1629 cum
1227 1560 1245 1594 ¹
1268 1580 1356 1628 eo
1370 1557 1497 1655 qui
1516 1572 1832 1649 venerat,
1863 1555 1956 1627 ad
1974 1580 2215 1651 regem
2231 1580 2452 1627 unum
2463 1614 2485 1647 ,

384 1687 467 1744 ut
487 1697 706 1769 quem
740 1671 955 1743 finem
979 1671 1246 1743 turbati
1270 1674 1292 1707 ¹
1316 1673 1583 1769 negotii
1614 1672 1944 1745 confusio
1960 1672 2337 1770 reperisset
2357 1695 2490 1742 no-

381 1787 494 1859 bis
534 1786 932 1859 referrent:
991 1811 1222 1886 neque
1278 1789 1471 1860 enim
1537 1787 1820 1861 incaute
1859 1788 2101 1885 regiis⁸
2145 1787 2490 1859 molestiis

380 1927 513 1975 nos
539 1927 1076 2000 exponeremus.

478 2015 1001 2114 subsequentes
1052 2016 1321 2114 itaque,
1373 2019 1552 2090 sicut
1594 2019 1656 2089 si
1693 2017 1874 2091 mari
1929 2042 2186 2113 magno
2221 2016 2496 2114 absque

382 2132 647 2228 remige
681 2131 1215 2224 fluctuaremuS,
1238 2133 1532 2224 turbati,
1567 2134 1822 2205 incerti
1843 2132 1947 2205 rei
1973 2147 2296 2223 eventuS,
2329 2156 2496 2203 cum

380 2248 789 2344 gravissime
836 2248 1311 2339 anxiaremur,
1354 2250 1487 2320 Dei
1555 2249 2066 2347 omnipotentis
2105 2246 2296 2343 larga
2333 2272 2500 2345 pro-

380 2363 783 2462 pitiatione,
825 2362 1106 2462 placida
1165 2386 1337 2434 aura
1386 2363 1924 2460 naufragantem
1974 2388 2226 2435 navem
2269 2361 2498 2461 appli-

378 2494 621 2571 cante,
674 2480 1043 2577 inopinate
1092 2477 1398 2551 redeunt
1460 2479 1586 2575 qui
1654 2479 1930 2551 domini
1984 2480 2166 2574 regis
2217 2502 2464 2578 pacem
2507 2535 2530 2571 ,

380 2608 763 2692 captorum
818 2593 1277 2684 solutionem,
1326 2592 1692 2666 electionis
1733 2594 2346 2667 confirmationem
2384 2618 2500 2667 re-

381 2721 713 2817 portant.
740 2710 885 2778 Nos
909 2724 1149 2780 autem
1183 2734 1267 2779 ex
1306 2709 1447 2781 hoc
1488 2710 1644 2807 ipso
1685 2708 2071 2781 voluntatis
2119 2710 2252 2781 Dei
2291 2733 2496 2805 argu-

388 2837 715 2894 mentum
762 2838 1200 2895 assumentes
1244 2822 1601 2920 (voluntas
1646 2825 1835 2896 enim
1876 2825 2006 2896 Dei
2071 2824 2206 2896 fuit
2239 2840 2320 2897 ut
2353 2826 2492 2897 cito

383 2954 801 3010 occurreret
826 2938 1027 3035 quod
1058 2938 1533 3039 volebamus),
1586 2965 1753 3013 cum
1792 2942 1884 3013 ad
1936 2958 2239 3013 matrem
2273 2941 2500 3014 eccle·

383 3050 591 3145 siam,
640 3056 795 3127 Deo
856 3053 1273 3153 opitulante,
1326 3057 1912 3154 pervenissemus,
1966 3072 2114 3129 tam
2159 3055 2492 3151 dulciter,

378 3180 531 3239 tam
558 3166 895 3261 filialiter,
933 3184 1076 3242 tam
1110 3172 1449 3245 nobiliter
1486 3171 1716 3245 filium
1749 3173 2126 3273 prodigum
2159 3174 2491 3271 suscepit,

382 3297 467 3354 ut
486 3298 560 3355 et
586 3282 962 3359 dominum
990 3312 1231 3383 regem
1252 3289 1450 3386 prius
1472 3314 1749 3383 severo,
1781 3289 2001 3363 modo
2027 3314 2281 3361 sereno
2298 3288 2500 3359 vultu

384 3415 913 3495 occurrentem,
966 3402 1585 3504 archiepiscopum
1640 3407 2178 3496 Bituricensem‚
2241 3405 2505 3502 episco-

384 3538 563 3613 pum
594 3516 1218 3613 silvanectensem,
1251 3535 1323 3592 et
1352 3522 1852 3595 ecclesiasticas
1882 3521 2123 3619 plures
2161 3542 2508 3617 personas

381 3628 659 3703 ibidem
719 3658 855 3705 nos
924 3649 1376 3733 expectantes
1443 3638 1880 3733 gratulanter
1903 3638 1924 3674 ⁸
1987 3635 2496 3707 invenerimus·

388 3746 533 3831 Qui
584 3770 749 3822 cum
793 3747 1021 3823 multa
1060 3752 1514 3824 veneratione
1558 3751 2018 3825 celeberrime
2041 3744 2068 3791 ⁵
2113 3775 2279 3822 cum
2321 3750 2505 3824 laeta·

474 3940 503 3996 1
517 3977 534 3997 .
558 3942 729 4011 Eum,
760 3939 1053 4015 mendose,
1081 3940 1223 4006 edit.
1257 3944 1552 4007 Benedict.

472 4035 530 4091 2.
568 4032 806 4091 Tur-bari
839 4036 1017 4095 5925.
1036 4068 1116 4083 --
1144 4040 1204 4100 3.
1234 4043 1407 4116 Regis
1430 4040 1660 4099 543.-
1681 4042 1741 4100 4.
1779 4042 2084 4098 Gratanter
2109 4035 2260 4094 solus
2283 4037 2502 4094 12710.

436 4126 535 4231 ,5.
574 4126 661 4185 lta
691 4130 831 4187 543.
868 4156 951 4175 —-
979 4130 1293 4190 Celebrime
1336 4135 1551 4192 12710.
1586 4164 1668 4177 --
1695 4130 1812 4191 Alii
1853 4128 2027 4189 codd.
2057 4140 2116 4187 et
2147 4126 2283 4189 edd.
2332 4131 2506 4185 cele-r-

386 4234 555 4276 nme.
