3275 5317
852 502 996 559 204·
1302 498 1631 557 oeuvass
1677 480 2109 553 comum-ns
2147 494 2250 551 nr,
2291 493 2549 553 sucta.

949 630 1313 730 Pulpitum
1335 629 1553 702 etiam
1573 628 1978 725 antiquum,
2008 623 2209 724 quod
2233 624 2719 699 ammirabile·
2751 623 2965 698 tabu-

846 748 1080 823 larum
1104 744 1583 819 eburnearum
1602 742 2058 816 subtilissima
2084 742 2485 840 nostrisque
2517 738 2967 839 temporibus

846 859 1342 962 inreparabili²
1398 860 1797 959 sculptura,
1869 872 1940 929 et
1979 858 2439 955 antiquarum
2496 856 2966 929 historiarum

844 977 1317 1075 descriptione
1370 974 1757 1047 humanam
1797 971 2340 1045 estimationem
2385 970 2799 1064 excedebat,
2851 996 2966 1042 re-

842 1093 1159 1166 collectis
1187 1089 1448 1163 tabulis
1478 1115 1637 1188 quae
1667 1092 1744 1161 in
1768 1112 2100 1161 arcarum
2131 1103 2203 1160 et
2226 1086 2363 1159 sub
2397 1111 2728 1159 arcarum
2753 1110 2966 1185 repo-

842 1208 1100 1280 sitione
1154 1206 1423 1280 diutius
1474 1205 1964 1296 foedabantur,
2028 1201 2255 1293 refici,
2312 1201 2700 1302 dextraque
2759 1217 2966 1301 parte

840 1322 1185 1395 restitutis
1211 1320 1638 1395 animalibus
1671 1320 1981 1419 cupreis»,
2020 1345 2113 1392 ne
2165 1334 2362 1393 tanta
2404 1334 2697 1418 tamque
2741 1320 2964 1391 mira-

838 1438 1005 1511 bilis
1027 1437 1384 1537 deperiret
1412 1438 1734 1528 materia,
1753 1436 1847 1509 ad
1867 1434 2375 1535 proferendam
2393 1436 2716 1533 superius
2731 1435 2959 1508 sancti

839 1554 1201 1650 Evangelii
1228 1554 1637 1644 lectionem,
1676 1554 1853 1648 erigi
1880 1551 2202 1625 fecimus.
2247 1555 2326 1623 ln
2376 1550 2694 1623 novitate
2739 1552 2960 1649 siqui-

838 1668 1007 1741 dem
1038 1670 1367 1741 sessionis
1398 1685 1688 1761 nostrae,
1729 1665 2328 1767 impedimentum
2372 1664 2771 1764 quoddam,
2809 1691 2960 1765 quo

836 1783 1159 1859 medium
1178 1784 1490 1857 ecclesiae
1518 1808 1733 1857 muro
1783 1782 2162 1856 tenebroso
2201 1782 2601 1874 secabatur,
2648 1807 2744 1854 ne
2795 1806 2954 1880 spe—

834 1898 1118 1972 ciositas
1144 1899 1455 1972 ecclesiae
1502 1898 2008 1994 magnitudinis
2037 1896 2300 1970 talibus
2329 1897 2728 1970 fuscaretur
2757 1921 2956 1997 repa-

837 2013 1042 2111 guliS,
1070 2012 1163 2086 de
1195 2012 1436 2086 medio
1454 2012 1733 2086 sustolli
1769 2012 2184 2085 feceramus,

932 2134 1075 2204 Nec
1096 2129 1337 2203 minus
1363 2128 1688 2203 nobilem
1719 2125 2006 2225 gloriosi
2043 2130 2227 2225 regis
2256 2129 2650 2225 Dagoberti
2697 2130 2943 2203 cathe-

831 2244 1079 2338 dram,
1134 2245 1209 2317 in
1269 2269 1438 2342 qua,
1490 2261 1577 2318 ut
1617 2244 1996 2343 perhibere
2041 2244 2222 2317 solet
2274 2246 2692 2344 antiquitas,
2748 2272 2948 2345 reges

830 2364 1297 2452 Francorum,
1340 2375 1672 2459 suscepto
1722 2361 1922 2455 regni
1981 2360 2284 2459 imperio
2303 2415 2322 2451 ,
2357 2360 2453 2433 ad
2498 2361 2948 2461 suscipienda

832 2476 1262 2574 optimatum
1296 2500 1591 2548 suorum
1639 2474 1959 2548 hominia
1993 2476 2314 2575 primum
2355 2476 2604 2550 sedere
2644 2502 2944 2550 consue-

831 2605 1109 2682 verant,
1129 2605 1285 2663 tum
1321 2615 1458 2691 pro
1483 2591 1661 2665 tanti
1691 2591 2104 2665 excellentia
2121 2590 2368 2684 officii,
2399 2608 2557 2665 tum
2581 2594 2797 2665 etiam
2813 2618 2947 2693 pro

832 2707 1068 2805 operis
1106 2708 1326 2807 ipsius
1376 2708 1648 2808 precio,
1709 2708 2144 2804 antiquatam
2194 2722 2270 2780 et
2312 2706 2716 2807 disruptam
2753 2708 2948 2782 refici

834 2821 1154 2896 fecimus.

927 2938 1253 3035 Aquilam
1308 2962 1479 3012 vero
1524 2938 1599 3010 in
1638 2935 1882 3010 medio
1923 2937 2132 3011 chori
2173 2939 2714 3011 ammirantium
2751 2954 2946 3013 tactu

829 3051 1181 3151 frequenti
1216 3053 1724 3127 dedeauratam
1750 3053 2059 3126 reaurari
2073 3053 2396 3127 fecimus.

930 3168 1331 3241 Viti-earum
1365 3168 1578 3241 etiam
1630 3193 1985 3242 novarum
2027 3169 2440 3268 praeclaram
2493 3171 2940 3257 varietatem,

826 3281 920 3354 ab
948 3307 1032 3354 ea
1046 3284 1278 3381 prima
1307 3308 1465 3381 quae
1491 3284 1744 3383 incipit
1773 3309 1816 3355 a
1847 3287 2083 3381 stirps
2107 3290 2305 3357 Iesse
2343 3286 2418 3358 in
2445 3286 2681 3385 capite
2717 3284 2946 3357 eccle·

824 3400 967 3488 siae,
1007 3422 1233 3497 usque
1276 3398 1365 3471 ad
1410 3423 1570 3472 eam
1603 3425 1761 3497 quae
1809 3412 2134 3498 superest
2177 3400 2553 3499 principali
2591 3414 2819 3499 portoe
2859 3400 2942 3471 in

822 3514 1125 3588 introitu
1150 3514 1483 3608 ecclesiae,
1518 3529 1668 3588 tam
1709 3515 2037 3613 superius
2069 3540 2289 3613 quam
2337 3516 2659 3609 inferiuS,
2682 3516 2940 3611 magis·

822 3644 1102 3703 trorum
1134 3630 1531 3703 multorum
1557 3630 1648 3702 de
1696 3629 1993 3703 diversis
2019 3629 2425 3703 nationibus
2450 3655 2674 3703 manu
2700 3632 2944 3729 exqui-

823 3744 979 3833 sita,
1017 3742 1302 3843 depingi
1335 3743 1663 3819 fecimus.
1700 3748 1852 3816 Una
1882 3768 2192 3843 quarum
2224 3745 2316 3817 de
2335 3744 2824 3819 materialibus
2840 3742 2940 3816 ad

822 3856 1316 3932 immaterialia
1341 3860 1680 3953 excitans,
1711 3858 2012 3933 Paulum
2038 3860 2442 3959 apostolum
2471 3860 2739 3933 molam
2771 3882 2938 3932 ver·

904 4136 968 4196 1.
992 4134 1085 4193 Sic
1106 4134 1239 4195 cod.
1270 4154 1378 4195 ms.
1408 4147 1466 4196 et
1490 4133 1668 4196 editio
1691 4134 1950 4211 chesnii,
1982 4134 2048 4197 ut
2073 4135 2222 4197 infra
2247 4140 2695 4198 ammtmntium.

902 4228 965 4288 2.
990 4228 1076 4286 lta
1102 4228 1232 4287 cod.
1254 4248 1367 4289 ms.
1392 4241 1449 4288 et
1468 4227 1675 4289 Chesn.
1708 4229 1802 4289 ed.
