3275 5317
826 586 943 643 330
1260 584 1585 642 OEuvnns
1626 568 2058 641 compuri-Es
2095 585 2200 639 nn
2239 584 2506 643 suem.

822 730 1165 815 poterunt
1212 715 1595 805 memoriae,
1641 712 1738 787 ad
1783 726 2242 812 peccatorum
2287 738 2615 787 meorum
2661 716 2914 816 deposi-

823 830 1098 903 tionem
1114 832 1135 869 ¹
1199 830 1760 927 miserrimaeque
1805 828 1968 903 vitae
2021 828 2240 925 hujus
2290 828 2756 903 directionem
2781 886 2802 919 ‚
2852 833 2912 903 in

822 944 1160 1019 omnibus
1190 960 1339 1017 tam
1374 945 1742 1018 nocturnis
1776 968 1996 1042 quam
2033 944 2308 1017 diurnis
2341 946 2544 1019 horis
2577 947 2914 1019 psalmum

826 1086 1077 1153 unum,
1120 1058 1244 1131 Ad
1306 1076 1371 1131 te
1421 1060 1675 1149 levam}
1731 1076 1804 1134 et
1854 1075 2021 1159 post
2065 1062 2308 1133 miseri
2351 1064 2678 1160 corporis
2719 1062 2917 1160 hujus

826 1176 1394 1267 dissolutionem,
1425 1176 1499 1249 in
1520 1177 1688 1275 ipsis
1705 1190 2112 1249 sanctarum
2123 1178 2630 1250 memoriarum
2653 1177 2914 1261 diebus,

826 1300 935 1365 De
951 1289 1339 1392 profundis
1367 1290 1698 1382 clamavi,
1739 1315 1868 1390 per
1897 1292 2228 1365 omnium
2257 1292 2620 1366 curricula
2654 1309 2920 1392 tempo-

822 1431 986 1480 rum
1020 1404 1575 1479 misericorditer
1614 1404 1954 1479 fidissima
1995 1420 2068 1478 et
2114 1405 2586 1503 irrefragabili
2635 1407 2921 1505 promis-

824 1524 1025 1595 sione
1067 1522 1249 1594 mihi
1268 1526 1291 1559 ³
1326 1524 1646 1619 meisque
1694 1520 2222 1594 successoribus
2268 1521 2743 1595 obtinuimus,
2785 1524 2920 1593 Hoc

822 1661 973 1709 uno
1032 1651 1105 1708 et
1174 1636 1461 1735 speciali
1508 1636 2004 1735 continuoque
2058 1650 2423 1735 sperantes
2495 1652 2756 1709 sanctae
2803 1636 2917 1707 Dei

825 1752 1071 1823 Matris
1114 1765 1674 1849 sanctorumque
1704 1751 2014 1823 aliorum
2041 1750 2408 1847 suffragio,
2441 1751 2746 1823 fratrum
2777 1776 2919 1823 nos-

824 1882 1100 1943 trorum
1132 1867 1525 1939 successiva
1542 1868 2076 1958 intercessione,
2105 1866 2542 1941 delictorum
2559 1865 2805 1939 sordes
2819 1866 2922 1939 de-

820 2006 1120 2085 ponere,
1150 1996 1223 2053 et
1242 1981 1491 2055 saltem
1520 1981 1633 2055 vel
1662 1983 1738 2054 in
1759 1980 1874 2054 die
1901 1982 2459 2055 Resurrectionis
2477 1982 2772 2055 Domini
2795 1982 2918 2053 mi-

822 2096 1285 2173 sericordiam
1320 2097 1397 2169 in
1418 2097 1652 2195 aliqua
1676 2096 1986 2197 paradisi
2009 2098 2453 2171 extremitate
2476 2098 2878 2195 impetrare.

918 2214 1431 2287 Gloriosissimi
1472 2238 1764 2314 quoque
1816 2212 2159 2286 Ludovici
2215 2214 2397 2309 regis
2466 2217 2919 2305 Francorum,

821 2346 984 2431 post
1052 2329 1616 2402 strenuissimam
1659 2329 1889 2426 ‘regni
1957 2330 2110 2427 ejus
2187 2328 2878 2402 administrationem
2899 2382 2918 2415 ,

822 2445 1386 2519 anniversarium
1432 2444 1585 2517 fieri
1643 2443 1938 2540 singulis
1991 2444 2194 2516 annis
2251 2458 2322 2515 et
2380 2442 2810 2517 mandamus
2865 2458 2922 2513 et

820 2562 1321 2635 constituimus
1373 2588 1389 2631 ε
1434 2577 1506 2633 et
1544 2575 1627 2633 ut
1663 2560 1914 2633 eadem
1946 2558 2063 2631 die
2098 2558 2192 2631 de
2222 2559 2527 2659 praefatis
2571 2558 2922 2632 vilcassini

822 2678 1119 2751 decimis
1150 2676 1241 2749 ab
1286 2699 1373 2748 eo
1418 2674 1631 2749 nobis
1673 2675 1949 2748 collatis
2008 2675 2258 2772 viginti
2322 2675 2595 2748 solidos
2630 2674 2924 2775 propriae

820 2793 1193 2867 refectioni
1235 2790 1550 2864 habeant
1578 2792 2053 2891 praecipimuS.
2101 2796 2188 2862 Et
2217 2806 2297 2863 ut
2333 2792 2484 2863 haec
2515 2805 2762 2863 nostra
2801 2790 2926 2863 fra-

822 2924 1165 3007 trumque
1240 2908 1595 2980 institutio
1675 2907 2180 3006 praesentisque
2263 2922 2472 2980 cartae
2537 2906 2927 3003 longaevitas

822 3023 1019 3097 nulla
1052 3023 1631 3124 praesumptione,
1670 3021 1870 3094 nulla
1896 3023 2296 3095 temeritate
2320 3020 2790 3095 defraudetur
2815 3036 2926 3093 aut

824 3140 1254 3231 destruatur,
1296 3140 1370 3209 in
1419 3137 1734 3236 capitulo
1776 3152 2030 3208 nostro
2066 3136 2488 3231 generaliter
2516 3135 2921 3225 residentes,

822 3253 1029 3327 clavo
1088 3270 1163 3325 et
1231 3277 1496 3326 corona
1551 3254 1846 3325 Domini
1909 3266 1980 3323 et
2033 3252 2260 3324 sancti
2312 3252 2536 3324 senis⁸
2587 3251 2928 3325 Simeonis

821 3370 1121 3442 brachio
1141 3423 1160 3460 ,
1220 3368 1351 3440 Dei
1421 3367 1936 3466 omnipotentis
1993 3368 2465 3467 omniumque
2523 3384 2928 3439 sanctorum

822 3486 1271 3573 auctoritate,
1329 3498 1762 3583 perpetuum
1811 3481 2190 3555 anathema
2238 3498 2311 3555 et
2357 3482 2697 3579 gehennae
2745 3484 2926 3579 ignes

824 3599 1398 3673 inviolatoribus‘
1439 3600 1882 3697 imponimus
1941 3614 2014 3671 et
2049 3600 2570 3696 imprecamur3
2641 3621 2930 3671 conser-

820 3715 1193 3789 vatoribus
1230 3740 1402 3789 vero
1436 3729 1506 3786 et
1537 3714 1886 3812 privilegii
1923 3714 2138 3811 hujus
2183 3712 2680 3787 defensoribus
2711 3713 2924 3787 vitam

820 3846 1181 3903 aeternam.

898 4037 928 4093 1
946 4077 958 4091 .
992 4038 1449 4110 Dis-positionem,
1474 4032 1775 4112 mendose,
1805 4034 1946 4095 edit.
1969 4034 2182 4097 Chesn.

902 4132 965 4186 2.
996 4129 1158 4187 Mihi
1179 4126 1338 4185 deest
1362 4126 1424 4184 in
1452 4124 1587 4185 edd.
1616 4126 1802 4187 Felib.
1831 4140 1889 4185 et
1911 4126 2083 4187 Dubl.

904 4224 963 4283 3.
993 4226 1155 4283 Senis
1179 4219 1455 4279 omissum
1482 4217 1544 4279 in
1567 4220 1708 4281 edit.
1739 4220 1949 4281 Chesn.

898 4319 962 4376 11.
998 4310 1375 4373 Violatoribus
1396 4314 1492 4377 ed.
1526 4313 1740 4375 Chesn.
