3275 5317
876 518 990 575 190
1326 518 1649 577 OEUVRES
1687 508 2112 577 COMPLETES
2151 520 2255 576 DE
2295 516 2563 578 SUGER.

874 648 1147 746 agenda
1173 650 1578 725 reservavit.
1616 650 1792 738 Quis
1809 652 2006 723 enim
2033 674 2163 747 ego
2185 674 2374 743 sum,
2405 666 2527 723 aut
2545 674 2706 749 quae
2722 648 2964 723 domus

870 767 1097 863 patris
1124 766 1293 857 mei,
1327 768 1453 863 qui
1483 781 1632 839 tam
1665 766 1937 859 nobile,
1965 782 2117 839 tam
2142 780 2421 863 gratum
2457 765 2834 840 aedificium
2867 767 2964 839 vel

870 879 1240 953 inchoasse
1301 883 1896 981 praesumpserim,
1951 882 2065 955 vel
2099 882 2478 981 perfecisse
2519 881 2958 981 speraverim,

868 996 1031 1088 nisi,
1061 994 1313 1068 divinae
1338 996 1840 1069 misericordiae
1874 1012 1947 1069 et
1975 1012 2388 1071 sanctorum
2433 998 2697 1070 auxilio
2722 1000 2964 1093 Marty-

872 1134 1036 1182 rum
1074 1112 1319 1204 fretuS,
1350 1127 1584 1184 totum
1606 1137 1725 1184 me
1743 1111 1975 1185 eidem
1999 1114 2202 1212 operi
2223 1128 2295 1186 et
2319 1128 2562 1185 mente
2589 1127 2660 1185 et
2678 1136 2963 1210 corpore

871 1227 1408 1326 applicuissem?
1434 1232 1708 1302 Verum
1736 1230 1863 1327 qui
1894 1229 2096 1303 dedit
2133 1229 2341 1323 velle,
2377 1228 2584 1301 dedit
2614 1244 2684 1301 et
2712 1254 2909 1327 posse
2941 1254 2955 1295 :

868 1356 941 1415 et
965 1344 1132 1440 quia
1152 1342 1432 1417 bonum
1455 1369 1636 1443 opus
1657 1344 1792 1416 fuit
1812 1346 1886 1417 in
1914 1344 2314 1435 voluntate,
2351 1370 2436 1417 ex
2459 1343 2593 1417 Dei
2623 1343 2962 1441 adjutorio

867 1462 1060 1531 stetit
1114 1461 1185 1531 in
1228 1460 1691 1559 perfectione.
1751 1460 1967 1548 Quod
2023 1460 2320 1559 quidem
2359 1460 2753 1557 gloriosum
2796 1482 2962 1557 opus

868 1589 1217 1671 quantum
1264 1575 1506 1647 divina
1534 1600 1790 1647 manus
1823 1576 1896 1647 in
1934 1576 2200 1649 talibus
2235 1600 2533 1675 operosa
2564 1574 2958 1673 protexerit,

866 1706 1143 1764 certum
1185 1707 1292 1764 est
1338 1693 1556 1764 etiam
1600 1710 2129 1789 argumentum,
2180 1692 2376 1790 quod
2411 1693 2484 1763 in
2524 1689 2748 1763 tribus
2777 1690 2963 1761 annis

868 1821 937 1877 et
966 1806 1197 1879 tribus
1226 1806 1594 1880 mensibus
1618 1823 1855 1881 totum
1883 1808 2060 1881 illud
2085 1808 2546 1904 magnificum
2576 1830 2787 1904 opus»,
2813 1820 2879 1877 et
2897 1805 2958 1875 in

867 1920 1199 1992 inferiore
1235 1922 1465 2021 cripta
1508 1936 1578 1993 et
1622 1923 1696 1993 in
1727 1923 2094 2020 superiore
2122 1920 2484 1993 voltarum
2515 1918 2956 2008 sublimitate,

866 2047 976 2107 tot
1024 2060 1328 2108 arcuum
1384 2051 1457 2107 et
1513 2036 2020 2109 columnarum
2085 2035 2542 2108 distinctione
2593 2033 2956 2121 variatum,

864 2150 1082 2223 etiam
1128 2166 1479 2249 operturae
1539 2152 1898 2246 integrum
1958 2150 2540 2249 supplementum
2585 2148 2954 2221 admiserit.

868 2266 1072 2339 Unde
1124 2268 1340 2340 etiam
1394 2267 1846 2366 epitaphium
1894 2267 2157 2367 prioris
2222 2265 2806 2355 consecrationiS,
2838 2288 2958 2336 una

868 2384 1019 2456 sola
1047 2383 1322 2457 sublata
1351 2384 1694 2477 dictione,
1743 2384 1958 2483 hujus
1984 2384 2198 2455 etiam
2225 2382 2556 2455 annalem
2589 2382 2958 2456 terminum

868 2498 1260 2595 concludit,
1290 2499 1432 2571 hoc
1455 2498 1722 2573 modo:

1022 2683 1223 2739 Annus
1250 2677 1515 2737 millenus
1536 2690 1597 2737 et
1622 2689 1898 2738 centenus
1927 2676 2337 2757 quadragenus

1106 2773 1357 2846 Quartus
1382 2783 1507 2831 erat
1526 2768 1726 2845 Verbi,
1751 2772 1986 2850 quando
2009 2782 2230 2832 sacrata
2259 2770 2390 2830 fuit.

962 2942 1241 3030 Quibus
1285 2945 1502 3017 etiam
1540 2942 1885 3043 epitaphii
1923 2943 2248 3017 versibus
2285 2942 2420 3013 hos
2449 2938 2741 3038 adjungi
2789 2937 2963 3012 dele-

866 3082 1099 3154 gimus
1140 3086 1157 3131 ε

1024 3236 1165 3293 Pars
1192 3252 1343 3295 nova
1366 3233 1657 3315 posterior
1681 3234 1824 3295 dnm
1849 3233 2114 3317 jungitur
2139 3233 2440 3308 anteriori,

1104 3328 1253 3387 Aula
1275 3329 1447 3389 micat
1476 3328 1668 3389 medio
1693 3328 2005 3389 clarificata
2031 3348 2160 3392 suo.

1030 3420 1221 3484 Claret
1248 3421 1403 3483 enim
1420 3420 1589 3481 claris
1609 3422 1772 3500 quod
1799 3421 1954 3481 clare
1970 3419 2410 3501 concopulatur‚

1104 3520 1175 3579 Et
1196 3517 1355 3595 quod
1376 3514 1676 3597 perfundit
1701 3514 1802 3573 lux
1831 3534 2006 3588 nova,
2036 3514 2217 3574 claret
2242 3532 2390 3593 opus

1024 3611 1252 3685 Nobile,
1280 3610 1438 3690 quod
1465 3622 1690 3670 constat
1709 3622 1940 3669 auctum
1969 3606 2076 3669 sub
2111 3620 2372 3689 tempore
2399 3618 2620 3681 nostre,

1102 3703 1216 3780 Qui
1237 3705 1489 3780 Sugerus
1507 3722 1691 3776 eram,
1718 3722 1810 3763 me
1837 3703 1984 3762 duce
2010 3702 2148 3761 dum
2170 3702 2356 3761 fieret.

964 3878 1346 3974 Promptus
1389 3876 1604 3971 igitur
1654 3898 1909 3971 urgere
1939 3898 2298 3949 successus
2327 3898 2556 3967 mem,
2597 3896 2768 3946 cum
2797 3866 2964 3943 nihil

866 3988 1161 4063 mallem
1181 3990 1313 4063 sub
1335 3992 1518 4065 coelo
1536 4016 1756 4089 quam
1776 3992 2110 4090 prosequi
2139 3992 2388 4065 matris
2414 3988 2725 4062 eoclesiae
2745 3988 2963 4059 hono·

868 4130 1049 4198 rem,
1088 4130 1245 4203 quae
1281 4130 1589 4205 puerum
1655 4120 1981 4178 materno
2013 4106 2276 4181 affectu
2321 4106 2730 4195 lactaverat,
2781 4103 2966 4199 juve-

868 4244 1037 4293 nem
1074 4218 1561 4293 offendentem
1596 4220 2052 4313 sustinuerat,
2085 4238 2290 4295 aetate
2330 4222 2688 4317 integrum
2731 4231 2964 4317 poten-
