3275 5317
1065 630 1192 686 vm
1232 630 1332 686 DE
1367 628 1644 687 sUGER.
2304 635 2412 693 ยน011

543 761 656 824 sed
687 760 829 820 satis
849 760 964 819 hoc
987 770 1106 821 uuo
1131 760 1315 821 voluit
1338 774 1542 821 natura
1568 758 1843 839 probare,

616 857 898 917 Virtutem
921 858 1130 936 quavis
1159 856 1266 917 sub
1291 868 1421 917 cute
1449 876 1619 939 posse
1643 829 1785 935 tegi.

537 949 758 1010 Tullius
786 969 911 1031 ore,
939 953 1082 1011 Cato
1105 950 1350 1029 meritis,
1379 962 1439 1011 et
1460 962 1699 1030 pectore
1723 954 1934 1022 Caesar,

615 1042 869 1104 Consilio
894 1063 1080 1123 reges,
1113 1063 1292 1122 regna
1319 1043 1556 1122 regebat
1577 1062 1713 1124 ope.

538 1138 826 1215 Quodque
851 1138 992 1196 Cato
1018 1143 1239 1213 Romae,
1270 1138 1430 1217 quod
1462 1137 1657 1217 Scipio
1686 1137 1953 1218 praestitit
1978 1136 2139 1212 olim,

531 1280 536 1283 .
619 1232 748 1289 Hoc
771 1230 928 1289 solus
953 1233 1145 1311 patrio
1167 1228 1433 1313 praestitit
1455 1230 1554 1289 ille
1577 1232 1725 1291 solo-

538 1327 692 1399 Quas
713 1323 912 1383 laudes
941 1324 1066 1398 tibi,
1085 1345 1234 1403 quos
1259 1323 1477 1396 titulos,
1495 1318 1769 1403 quulesve
1794 1325 2141 1406 triumphos,

617 1415 782 1475 Abba
809 1429 997 1496 pater,
1025 1416 1241 1497 poterit
1265 1436 1410 1497 grex
1432 1435 1702 1476 resonare
1728 1421 1898 1477 tuus?

537 1506 766 1587 Optime
797 1508 1020 1585 sugeri,
1045 1506 1184 1585 quid
1210 1518 1473 1587 respectu
1497 1508 1835 1583 meritorum

614 1601 854 1659 Dicetur
881 1600 1152 1679 dignum?
1178 1602 1330 1659 Laus
1351 1600 1461 1658 erit
1483 1599 1593 1658 ista
1616 1598 1814 1659 brevis
1845 1623 1859 1659 ฮต

536 1693 649 1753 Sed
674 1692 884 1751 coelum
909 1690 1017 1751 tibi
1042 1713 1153 1773 pro
1176 1692 1393 1752 meritis
1415 1692 1719 1773 applaudit
1745 1705 1803 1755 et
1824 1693 2004 1767 orbiS,

616 1791 688 1845 Et
703 1784 958 1845 celebrat
977 1785 1182 1845 laudes
1205 1785 1398 1847 Gallia
1423 1798 1545 1846 tota
1572 1798 1727 1847 tuas.

539 1879 800 1939 Ari-isere
827 1879 933 1940 tibi
956 1878 1212 1940 nascenti
1239 1880 1430 1939 sidera
1453 1892 1697 1960 septem,

616 1974 1075 2052 Prospectusque
1099 1971 1210 2031 fuit
1235 1974 1435 2050 visque
1462 1972 1707 2031 salubris
1727 1974 1830 2032 eis.

536 2066 858 2125 Thesauros
883 2066 988 2125 tibi
1019 2066 1183 2144 larga
1210 2086 1346 2126 suos
1369 2080 1578 2127 natura
1603 2068 1861 2148 paravit,

621 2159 1028 2239 Expanditque
1051 2159 1154 2220 tibi
1179 2160 1550 2241 philosophia
1575 2159 1759 2222 sinus.

538 2256 658 2311 Nec
689 2252 795 2312 tibi
821 2272 1113 2314 successus
1143 2253 1304 2313 laetos
1329 2254 1560 2313 fortuna
1585 2252 1852 2332 negavit3

615 2351 752 2407 Fata
784 2348 998 2411 dedere
1025 2350 1163 2409 boni
1185 2348 1462 2429 quicquid
1483 2348 1702 2409 habere
1727 2348 1938 2409 solent.
