3275 5317
642 532 787 589 SUR
826 532 969 593 SON
1007 533 1644 593 ADMIRISTRATION
1686 534 2126 597 ABBATIALE.
2323 540 2350 594 ¹
2364 538 2439 595 99

316 680 395 738 et
448 668 719 737 Sanctae
768 662 1051 762 Sopbiae
1107 680 1551 753 ornamenta,
1616 678 1862 737 utrum
1920 666 2013 738 ad
2067 690 2439 767 compara-

316 782 591 853 tionem
625 778 917 852 illorum
941 780 1092 852 haec
1124 779 1395 878 aliquid
1429 780 1667 853 valere
1699 778 2074 853 deberent.
2105 785 2440 871 Quicum

314 898 468 970 haec
497 896 771 993 majora
801 896 1218 987 faterentur,
1256 896 1493 969 visum
1534 911 1641 969 est
1684 894 1897 968 nobis
1939 895 2142 994 quod
2181 898 2440 971 timore

311 1016 759 1085 Francorum
797 1009 1244 1083 ammiranda
1292 1035 1451 1108 quae
1484 1028 1697 1084 antea
1733 1009 2190 1085 audieramus
2225 1028 2436 1086 caute

313 1126 627 1227 reposita
678 1145 947 1218 essent3
1000 1152 1093 1197 ne
1132 1125 1521 1199 stultorum
1580 1126 1990 1224 aliquorum
2035 1127 2438 1225 impetuosa

312 1244 725 1343 rapacitate,
763 1245 1184 1315 Graecorum
1216 1256 1289 1314 et
1310 1242 1729 1314 Latinorum
1763 1242 1984 1315 ascita
2003 1242 2440 1315 familiaritas

307 1360 385 1431 in
424 1357 853 1431 seditionem
878 1372 950 1430 et
972 1357 1334 1429 bellorum
1366 1355 1700 1431 scandala
1731 1357 1969 1431 subito
1994 1374 2431 1435 moveretur.

308 1474 589 1547 Astucia
620 1473 816 1547 enim
848 1472 1203 1572 praecipue
1234 1474 1648 1545 Graecorum
1696 1488 1828 1547 est.
1863 1473 2070 1546 Unde
2099 1472 2256 1547 fieri
2299 1500 2436 1574 po·

308 1592 449 1665 tuit
476 1605 560 1663 ut
592 1590 861 1689 majora
888 1590 1033 1661 sint
1066 1588 1359 1687 quaehic
1390 1586 1527 1661 sub
1550 1603 1712 1661 tuto
1728 1590 2036 1689 reposita
2058 1606 2426 1688 apparent,

306 1732 527 1806 quam
560 1730 643 1779 ea
690 1730 849 1804 quae
891 1728 1039 1777 non
1087 1719 1245 1777 tuto
1297 1720 1591 1805 propter
1626 1703 1960 1779 scandala
2005 1703 2278 1779 ibidem
2313 1730 2428 1779 re-

302 1823 476 1897 licta
508 1835 1019 1922 apparuertmt.
1051 1820 1514 1895 Ammiranda
1550 1820 1915 1919 siquidem
1943 1836 2016 1894 et
2031 1821 2182 1895 fere
2211 1823 2436 1895 incre·

305 1937 555 2011 dibilia
586 1962 627 2010 a
656 1940 825 2009 viris
854 1934 1185 2009 veridicis
1223 1935 1802 2035 quampluribus,
1853 1952 1926 2009 et
1958 1936 2052 2009 ab
2093 1938 2431 2037 episcopo

305 2052 763 2125 Laudunensi
803 2057 1127 2148 Hugone,
1173 2054 1249 2123 in
1286 2050 1770 2126 celebratione
1801 2054 2058 2143 missae,
2098 2051 2188 2124 de
2218 2054 2436 2123 Sanc-

302 2184 399 2241 tae
442 2167 723 2268 Sophiae
774 2182 1369 2241 ornamentorum
1431 2169 1900 2265 praerogativa
1927 2222 1945 2258 ‚
2009 2190 2294 2239 necnon
2359 2180 2434 2238 et

304 2284 609 2357 aliarum
638 2283 1093 2357 ecclesiarum
1123 2280 1604 2355 audieramus.
1640 2286 1816 2369 Quae
1843 2284 1904 2353 si
1934 2283 2036 2355 ita
2053 2294 2248 2371 sunt,
2282 2280 2432 2353 imo

303 2399 474 2499 quia
503 2425 757 2473 eorum
788 2400 1201 2472 testimonio
1230 2398 1327 2469 ita
1369 2422 1521 2469 esse
1549 2395 1940 2490 credimuS‚
1991 2413 2144 2470 tam
2173 2396 2432 2468 inaesti-

302 2502 595 2589 mabilia
634 2539 853 2614 quam
913 2510 1499 2611 incomparabilia
1538 2512 1946 2583 multorum
1994 2508 2270 2607 judicio
2321 2536 2434 2584 ex·-

292 2645 765 2731 ponerentur.
810 2626 1145 2701 Abundet
1178 2629 1670 2725 unusquisque
1701 2627 1776 2698 in
1811 2649 1942 2699 suo
1975 2651 2211 2718 sensu,
2251 2627 2430 2700 mihi

294 2747 531 2818 fateor
554 2746 702 2816 hoc
748 2744 1203 2843 potissimum
1254 2741 1629 2840 placuisse,
1669 2756 1752 2814 ut
1781 2765 2253 2840 quaecumque
2304 2766 2423 2815 ca-

292 2860 519 2951 riora,
570 2882 1041 2957 quaecumque
1070 2859 1455 2943 carissima,
1501 2873 1926 2931 sacrosantae
1976 2856 2427 2930 Eucharistiae

292 2974 923 3048 amministrationi
979 2997 1194 3073 super
1248 2972 1489 3045 omnia
1540 2973 1899 3047 deservire
1956 2970 2287 3046 debeant.
2351 2972 2427 3045 si

297 3090 632 3164 libatoria
664 3115 904 3181 aurea,
944 3090 1003 3161 si
1048 3088 1227 3163 fialae
1246 3114 1504 3175 aureae,
1527 3105 1598 3162 et
1653 3091 1711 3161 si
1753 3090 2168 3163 mortariola
2208 3114 2426 3163 aurea

303 3206 403 3280 ad
450 3206 819 3280 collectam
880 3207 1239 3303 sanguinis
1281 3207 1649 3280 hirc-orum
1699 3221 1824 3279 aut
1863 3207 2254 3280 vitulorum
2298 3222 2424 3278 aut

292 3348 525 3397 vaccae
544 3322 773 3413 ruffae,
797 3346 925 3396 ore
950 3323 1080 3394 Dei
1102 3337 1227 3395 aut
1248 3321 1618 3422 prophetae
1631 3324 1862 3421 jussu,
1882 3321 2415 3413 deserviebant3

293 3452 567 3537 quanto
605 3438 828 3532 magis
871 3437 963 3509 ad
1008 3440 1533 3535 susceptionem
1572 3439 1935 3535 sanguinis
1961 3444 2122 3510 Jesu
2157 3436 2420 3509 Christi

290 3579 465 3626 vasa
492 3577 735 3644 aurea,
753 3552 1023 3651 lapides
1055 3552 1389 3651 preciosi,
1411 3579 1712 3651 quaeque
1745 3556 1934 3625 inter
1960 3574 2210 3624 omnes
2229 3572 2424 3621 crea-

292 3684 492 3742 turas
527 3670 913 3762 carissima,
967 3669 1309 3741 continuo
1354 3668 1720 3757 famulatu,
1766 3668 1978 3765 plena
2031 3663 2416 3737 devotione

291 3784 555 3882 exponi
584 3782 875 3856 debent.
909 3787 1113 3855 Certe
1144 3807 1278 3856 nec
1308 3808 1441 3856 nos
1476 3807 1609 3855 nec
1643 3796 1890 3853 nostra
1919 3778 2033 3851 his
2066 3777 2420 3852 deservire

290 3898 713 3971 sufficimus.
764 3900 835 3970 Si
878 3897 969 3970 de
1009 3912 1421 3970 sanctorum
1470 3894 1861 3969 Cherubim
1913 3908 1986 3966 et
2040 3894 2416 3994 Seraphim

286 4012 683 4089 substantia
734 4038 922 4087 nova
969 4016 1328 4086 creatione
1368 4028 1617 4085 nostra
1667 4024 2088 4104 mutaretur,
2139 4010 2414 4084 insuffi-

285 4131 597 4203 cientem
642 4144 883 4203 tamen
937 4146 1009 4202 et
1052 4128 1431 4225 indignum
1476 4144 1692 4200 tantae
1745 4142 1818 4199 et
1863 4142 2011 4199 tam
2070 4124 2415 4198 ineffabili

282 4244 541 4317 hostiae
590 4244 953 4319 exhiberet
1002 4243 1451 4318 famulatum.
1507 4246 1806 4316 Tantam
1867 4256 2106 4314 tamen
2164 4240 2412 4338 propi-
