3275 5317
844 529 961 585 336
1276 527 1603 585 OEUVRES
1640 524 2076 583 COMPLETES
2113 525 2212 583 DE
2249 526 2516 585 SUGER.

846 654 1167 745 miseriae,
1189 652 1389 725 omni
1413 676 1604 724 anno
1629 650 1753 723 tali
1775 676 1858 723 ac
1879 665 2082 724 tanto
2101 652 2174 723 in
2195 652 2536 751 operibus
2553 654 2938 727 misericor-

845 769 978 842 diae
1000 767 1419 841 relevabunt
1462 766 1826 863 suffragio.
1867 772 1948 838 In
1975 782 2336 839 conventu
2364 768 2658 868 plenum
2689 770 2940 867 persol-

843 898 1015 957 vent
1044 882 1361 955 officium
1398 894 1756 980 quotquot
1793 880 1860 951 iu
1903 880 2325 953 sacerdotali
2357 882 2615 955 ordine
2663 884 2936 965 suerint,

843 998 1095 1071 eadem
1125 995 1241 1069 die
1268 997 1585 1069 Domino
1620 998 1774 1067 Deo
1806 994 2232 1068 sacrificium
2267 1022 2396 1094 pro
2431 998 2643 1069 nobis
2679 999 2938 1071 miseri·

840 1114 1159 1187 corditer
1195 1112 1611 1203 offerentes3
1655 1110 1912 1209 reliqui
1943 1136 2117 1184 vero
2159 1112 2415 1184 fratres
2446 1114 2943 1213 quinquaginta

844 1228 1293 1301 Psalmorum
1340 1225 1706 1300 oblatione
1753 1225 1967 1298 nobis
2011 1225 2206 1323 apud
2245 1228 2642 1301 Dominum
2701 1229 2942 1301 subve-

844 1344 1069 1417 nient.
1108 1344 1249 1431 Qui
1273 1366 1448 1414 vero
1478 1366 1603 1413 eos
1634 1342 2044 1432 nescierint,
2083 1366 2168 1412 ea
2197 1366 2340 1439 qua
2369 1359 2714 1441 poterunt
2747 1345 2940 1417 nobis

842 1461 1163 1531 oratione
1183 1461 1201 1495 ¹
1231 1454 1786 1529 misericorditer
1815 1472 2234 1528 succurrant
2253 1459 2316 1527 't
2359 1473 2520 1553 eget
2548 1460 2746 1531 enim
2793 1485 2937 1557 par-

842 1574 1020 1645 vitas
1043 1588 1282 1645 nostra
1307 1588 1379 1644 et
1411 1595 1670 1665 magno
1701 1585 1773 1643 et
1808 1595 2063 1669 parvo.
2099 1575 2188 1642 Et
2228 1576 2572 1675 quoniam
2619 1589 2938 1671 tanquam

840 1688 1181 1761 carissimi
1218 1704 1292 1760 et
1318 1685 1710 1759 dulcissimi
1743 1685 1994 1759 fratres
2023 1710 2494 1785 quaecumque
2519 1687 2614 1759 ab
2637 1689 2740 1761 eis
2763 1688 2936 1761 bona

841 1803 1035 1897 exegi
1084 1799 1387 1872 fideliter
1418 1800 1986 1899 repromiserunt
2006 1856 2024 1888 ,
2065 1801 2208 1873 hoc
2239 1802 2454 1873 etiam
2485 1827 2530 1873 a
2559 1818 2720 1876 toto
2766 1804 2935 1902 capi-

842 1917 994 1990 tulo
1028 1914 1497 2009 obtinuimuS,
1531 1931 1611 1988 ut
1655 1914 1747 1987 de
1773 1916 2046 2015 capicio
2077 1917 2494 2014 capiciarius
2529 1918 2778 2010 frater,
2807 1918 2938 2016 qui-

840 2056 1151 2129 cumque
1199 2032 1293 2104 sit
1344 2030 1488 2120 ille,
1540 2031 2006 2103 refectionem
2069 2031 2410 2105 fratribus
2454 2031 2526 2104 in
2583 2032 2934 2106 refectorio

840 2148 993 2247 ipsa
1024 2148 1140 2221 die
1170 2146 1632 2219 anniversarii
1663 2146 1892 2218 nostri
1937 2162 2264 2219 accurate
2299 2147 2780 2246 persolvendo
2803 2172 2937 2247 pro-

841 2278 1068 2355 curet,
1138 2262 1318 2335 duas
1365 2261 1695 2335 videlicet
1728 2261 2064 2335 omnibus
2098 2286 2543 2353 commune5‚
2579 2288 2734 2335 non
2784 2288 2934 2361 qua-

842 2380 1282 2476 lescumque,
1328 2377 1456 2450 sed
1486 2377 1838 2476 plenarias
1887 2392 1960 2449 et
2002 2392 2202 2476 aptas
2234 2376 2646 2450 exhibendo
2675 2380 2932 2477 pictan-

838 2496 1003 2568 cias,
1062 2498 1307 2567 Frater
1356 2508 1598 2565 tamen
1626 2496 1650 2533 ⁸
1697 2493 2080 2566 celan-arius
2130 2492 2454 2589 generale
2493 2518 2714 2566 suum
2753 2517 2934 2567 more

838 2608 1052 2682 solito
1080 2612 1529 2708 praeponat⁴3
1579 2609 2024 2706 pigmentum
2077 2607 2387 2681 habeant
2438 2608 2692 2681 fratres
2723 2609 2816 2683 de
2843 2632 2936 2682 m-

844 2748 1034 2795 mera
1066 2738 1139 2797 et
1180 2723 1493 2797 cellario.
1540 2726 1893 2819 Rogamus
1923 2738 2160 2797 autem
2219 2723 2644 2823 suppliciter
2697 2750 2792 2797 ne
2823 2725 2934 2795 fia·

836 2853 947 2911 ter
976 2839 1127 2928 ille,
1175 2839 1321 2912 sive
1354 2864 1486 2911 nos
1528 2837 1814 2929 viderit,
1862 2839 2009 2911 sive
2053 2838 2369 2929 minime,
2407 2864 2754 2939 expensas
2791 2840 2931 2911 istas

836 2978 1017 3049 aegre
1054 2954 1261 3045 ferat,
1312 2978 1479 3026 cum
1542 2954 1616 3024 in
1663 2978 1920 3049 magna
1959 2969 2161 3053 parte
2208 2953 2429 3026 officii
2481 2956 2636 3051 ejus
2687 2954 2926 3027 multas

838 3066 1278 3139 exsolventes
1318 3092 1656 3166 expensas
1703 3067 1987 3140 solliciti
2031 3066 2379 3140 fuerimus
2423 3097 2443 3160 ς
2493 3068 2824 3141 videlicet
2867 3070 2930 3139 in

837 3182 1008 3254 novi
1032 3196 1105 3253 et
1137 3182 1373 3277 magni
1402 3181 1684 3254 aedificii
1706 3183 2014 3255 ecclesiae
2038 3185 2649 3278 augmentatione,
2681 3186 2758 3256 in
2787 3184 2928 3257 aedi-

838 3296 1167 3370 ficatione
1195 3320 1470 3393 magnae
1499 3314 1571 3371 et
1602 3298 1982 3371 caritativae
2015 3298 2274 3371 domus
2306 3297 2706 3399 hospitum,
2733 3301 2804 3371 in
2839 3323 2936 3371 re·

836 3412 1205 3513 paratione
1248 3427 1321 3484 et
1386 3414 1846 3486 renovatione
1889 3413 2292 3485 dormitorii
2333 3431 2408 3488 et
2453 3414 2831 3505 refectorii,
2871 3428 2933 3485 et

836 3530 908 3603 in
973 3530 1549 3626 augmentatione
1602 3528 2028 3603 obedientiae
2083 3532 2419 3622 thesauri,
2457 3545 2530 3603 et
2587 3532 2663 3603 in
2707 3528 2932 3603 multis

836 3644 991 3717 aliis
1026 3662 1171 3717 tam
1200 3644 1505 3719 ecclesiae
1525 3670 1747 3743 quam
1771 3644 2221 3721 officinarum
2249 3649 2685 3747 sumptuosis
2713 3647 2930 3747 operi·

836 3759 1001 3852 buS,
1041 3785 1220 3858 quas
1258 3784 1680 3833 enumerare
1712 3761 2266 3859 supersedimuS‚
2315 3787 2411 3835 ne
2451 3764 2680 3836 inanis
2711 3762 2934 3859 gloriae

836 3890 957 3947 aut
1005 3873 1300 3972 alicujus
1342 3875 1756 3972 arrogantiae
1795 3876 2036 3969 titulo,
2079 3903 2228 3975 quo
2264 3878 2518 3950 animae
2557 3904 2730 3951 meae
2765 3900 2933 3976 opus

915 4060 976 4117 1.
1010 4057 1305 4119 oblatione
1326 4058 1459 4119 edd.
1493 4058 1702 4119 chesn.
1729 4070 1790 4118 et
1814 4057 1996 4118 Felib.
2051 4094 2131 4106 —
2170 4062 2232 4121 2.
2257 4066 2592 4123 Succurrent
2615 4061 2816 4123 Chesn.
2843 4058 2930 4120 ed.

918 4156 977 4212 3.
1006 4154 1223 4222 Etiam,
1257 4172 1368 4231 pro
1391 4166 1601 4224 tamen,
1632 4148 1764 4211 edd.
1795 4150 2007 4213 Chesn.
2031 4165 2090 4213 et
2109 4152 2292 4217 Felib.

917 4250 975 4307 4.
1002 4249 1285 4323 proponat
1312 4246 1525 4307 eaedem
1554 4242 1691 4309 edd.
