3275 5317
1153 619 1278 675 vm
1315 619 1416 677 DE
1455 616 1725 678 SUGER.
2377 622 2495 678 407

379 752 622 851 pietati
640 753 992 851 imperare
1011 774 1405 849 possemUS,
1429 750 1815 823 laetandum
1848 751 2059 823 nobis
2092 766 2243 823 erat
2272 755 2495 851 magis

377 866 574 963 quod
593 865 808 937 talem
833 880 1111 963 patrem
1128 865 1618 953 habuerimus,
1644 889 1860 962 quam
1880 865 2275 940 dolendum
2293 868 2491 963 quod

376 980 588 1053 talem
622 980 1197 1080 praemiserimus,
1247 1004 1393 1078 quo
1420 1004 1554 1051 nos
1596 979 2032 1077 quandoque
2063 996 2493 1079 sequuturos

375 1120 522 1167 non
550 1095 989 1167 dubitamus,
1029 1099 1186 1165 Non
1217 1096 1409 1165 enim
1439 1094 1651 1167 nobis
1682 1108 1965 1192 ereptus
1998 1111 2131 1186 est,
2196 1094 2323 1167 sed
2361 1120 2488 1194 pe-

373 1210 654 1301 riculis3
699 1235 832 1282 nec
865 1224 1010 1282 tam
1040 1211 1261 1281 vitam
1292 1209 1552 1299 amisit,
1593 1234 1814 1307 quam
1842 1210 2139 1283 feliciter
2159 1235 2487 1286 commu-

373 1327 570 1399 tavit.
612 1330 872 1398 Verum
903 1325 1068 1422 quia
1096 1348 1136 1396 a
1161 1324 1570 1397 conditione
1599 1324 1957 1397 moriendi
1987 1350 2205 1397 nemo
2233 1327 2491 1426 excipi-

368 1456 514 1534 tur,
535 1467 705 1516 cum
731 1443 844 1514 vir
873 1440 1316 1515 venerandus
1345 1466 1430 1514 ea
1458 1442 1867 1514 valetudine
1892 1466 2033 1539 qua
2061 1458 2131 1516 et
2156 1459 2489 1517 mortuus

368 1574 472 1629 est
517 1559 755 1630 vexari
795 1559 1134 1657 cepisset,
1191 1556 1495 1628 fratrum
1533 1557 1868 1629 manibus
1908 1572 2367 1649 sustentatus,
2410 1560 2484 1633 in

368 1688 802 1745 conventum
828 1696 902 1744 se
929 1670 1186 1744 deduci
1218 1672 1586 1769 poposcit:
1617 1670 1770 1763 ubi,
1796 1687 1959 1771 post
1976 1673 2199 1745 verba
2223 1674 2481 1747 exhor-

365 1788 677 1879 tationiS,
736 1812 903 1860 cum
954 1787 1284 1885 lacrymis
1341 1799 1414 1858 et
1459 1788 1727 1881 gemitu
1788 1788 2115 1859 omnium
2178 1788 2483 1887 pedibus

309 1987 324 2001 ⁶
363 1902 810 2000 provolutuS,
843 1904 968 2000 qui
999 1902 1403 1975 communis
1441 1903 1732 1974 Domini
1754 1902 2109 2001 judicium
2144 1904 2482 1977 formida-

361 2016 511 2109 bat,
551 2018 852 2090 fratrum
886 2042 960 2089 se
1011 2016 1286 2113 judicio
1331 2016 1702 2089 humiliter
1746 2019 2096 2116 exposuit,
2136 2018 2481 2117 lacryma-

358 2128 596 2203 biliter
640 2131 1011 2231 postulans
1053 2146 1135 2203 ut
1173 2130 1371 2227 quod
1411 2132 1485 2202 in
1530 2156 1655 2203 eos
1701 2129 2113 2228 deliquisset
2152 2133 2265 2203 vel
2297 2136 2477 2229 egis-

361 2260 470 2317 set
499 2245 988 2343 negligentiuS,
1023 2258 1352 2341 respectu
1385 2244 1669 2341 pietatis
1700 2244 1765 2315 ei
1797 2245 2224 2318 relaxarent.
2259 2246 2477 2333 Quod

360 2361 612 2434 fratres
653 2386 905 2434 omnes
940 2362 1248 2432 maxima
1293 2382 1458 2431 cum
1492 2359 1877 2432 devotione
1926 2375 1999 2433 et
2051 2360 2341 2459 copiosa
2371 2360 2473 2433 la·-

355 2499 761 2573 crymarum
791 2475 1140 2547 effusione
1172 2475 1564 2570 gratissime
1615 2474 1957 2548 fecerunt.
1997 2479 2152 2572 lpse
2183 2499 2472 2573 quoque

333 2591 903 2687 ‘negligentiores
952 2615 1300 2687 quosque,
1343 2590 1468 2685 qui
1510 2613 1647 2687 pro
1689 2589 2013 2686 quolibet
2044 2604 2247 2660 reatu
2278 2589 2470 2684 ligati

351 2706 852 2796 cernebantur,
875 2706 1301 2801 cuicumque
1324 2704 1843 2799 subjacuissent
1869 2705 2252 2793 sententiae,
2277 2704 2469 2776 ultro

348 2836 424 2892 et
461 2820 1013 2893 clementissime
1043 2818 1384 2909 absolvit,
1420 2833 1633 2915 atque
1679 2816 2017 2890 omnibus
2048 2832 2193 2891 tam
2224 2827 2464 2891 rer'no-

350 2935 439 3005 tis
499 2958 720 3030 quam
765 2934 1232 3031 praesentibus
1286 2936 1360 3005 in
1405 2933 1707 3029 gratiam
1758 2934 1994 3019 rediit,
2032 2957 2117 3005 ac
2148 2934 2464 3030 pristinis

349 3072 472 3121 eos
504 3048 760 3120 officiis
791 3062 862 3120 et
897 3048 1232 3144 gradibus
1263 3050 1596 3122 restituit.
1615 3050 1974 3145 Denique,
2008 3064 2358 3147 quantum
2386 3051 2461 3121 in

347 3164 502 3262 ipso
535 3164 692 3257 fuit,
725 3164 971 3236 multis
1001 3164 1339 3262 precibus
1383 3179 1466 3236 ut
1495 3188 1536 3235 a
1567 3187 1739 3237 cura
1792 3164 2129 3261 pastorali
2174 3189 2466 3261 prorsus

345 3278 833 3352 absolveretur
860 3280 1269 3378 concupivit
1298 3295 1370 3352 et
1398 3280 1603 3378 petiit
1633 3309 1652 3351 ε
1699 3279 1823 3351 sed
1856 3277 2069 3374 hujus
2101 3281 2463 3378 petitionis

345 3417 709 3467 assensum
771 3420 814 3465 a
873 3394 1207 3467 fratribus
1256 3410 1679 3492 extorquere
1730 3394 2132 3467 nullatenus
2190 3398 2454 3493 potuit.

345 3514 512 3581 Post
539 3510 980 3605 aliquantum
1012 3534 1186 3583 vero
1213 3512 1582 3608 temporis,
1621 3535 1790 3581 cum
1823 3534 1897 3580 se
1928 3508 2193 3581 morbo
2225 3509 2459 3581 acrius

344 3624 619 3697 videret
639 3625 942 3722 fatigari,
975 3641 1047 3699 et
1080 3630 1098 3665 ¹
1142 3627 1411 3698 exitum
1439 3651 1648 3697 suum
1696 3626 2069 3695 imminere
2102 3638 2247 3694 tam
2284 3647 2453 3721 pro-

337 3742 494 3837 pria
519 3764 738 3838 quam
769 3740 1217 3813 medicorum
1246 3740 1595 3811 sententia
1624 3736 2101 3825 intellexisset,
2148 3736 2453 3810 familia-

337 3880 448 3928 res
502 3880 695 3948 sum,
731 3854 1110 3927 dominum
1146 3853 1476 3926 videlicet
1534 3851 2143 3941 suessionensem,
2187 3854 2451 3925 Novio-

339 3993 662 4045 mensem
702 3985 775 4043 et
826 3971 1429 4044 silvanectensem
1480 3964 1926 4039 venerabiles
1965 3966 2059 4037 ad
2099 3992 2173 4037 se
2216 3969 2459 4040 ascivit

337 4088 732 4185 episcopos;
765 4111 1081 4184 quorum
1114 4084 1524 4157 testimonio
1549 4080 1660 4153 vel
1685 4080 1987 4154 consilio
2027 4080 2277 4154 domui
2309 4108 2453 4155 suae

417 4350 474 4410 ἱ.
507 4352 605 4420 Ut,
633 4345 928 4422 mendose,
957 4344 1096 4405 edit.
1131 4342 1312 4402 Felib.
