3275 5317
654 538 801 597 SUB
840 538 982 596 soN
1022 540 1660 597 ADMINISTRATION
1694 540 2128 597 ABBATIALE.
2145 586 2158 603 .
2332 542 2446 600 163

335 668 429 740 de
458 669 901 741 incremento
944 685 1233 742 centum
1280 670 1565 743 modios
1596 695 1899 743 annonae
1931 670 2120 766 large
2146 695 2446 743 consue·

332 783 445 855 vit
488 782 847 856 excedere.
906 784 1126 871 Quod
1158 808 1295 857 nos
1333 800 1499 883 post
1545 784 1812 858 Pascha
1865 784 2114 858 usibus
2159 786 2448 875 nostriS,

333 898 647 971 ecclesiis
676 916 749 971 et
777 900 1237 998 pauperibus,
1283 900 1393 973 vel
1430 900 2004 999 quibuscumque
2034 900 2456 1001 opportuni-

332 1012 603 1087 tatibus
646 1014 1087 1111 erogandum
1120 1016 1548 1089 censuimus.
1588 1018 1942 1089 Extremis
1967 1016 2160 1089 enim
2194 1014 2456 1088 mensi-

332 1130 477 1203 bus
524 1132 719 1221 anni,
772 1130 1159 1230 aliquando
1213 1132 1443 1204 carior
1492 1155 1782 1204 annona
1821 1110 2456 1228 congregationum

332 1245 967 1346 improvidentiam
995 1245 1249 1346 punire
1298 1246 1503 1320 solet.
1554 1250 2085 1320 lucrementum
2129 1244 2457 1319 denario-

333 1386 504 1433 rum
547 1378 842 1435 centum
887 1376 960 1434 et
990 1361 1537 1459 quatuordecim
1584 1361 1931 1436 librarum
1961 1378 2034 1435 et
2071 1360 2456 1435 duodecim

336 1475 739 1552 solidorum
770 1477 1063 1574 singulis
1098 1478 1303 1551 annis
1335 1478 1686 1552 consistit.

774 1726 859 1797 V.
898 1728 1010 1795 De
1039 1722 1409 1796 Cormeliek
1432 1722 1954 1797 Pararzenszbus
1972 1728 2016 1797 ¹.

434 1929 541 1996 De
568 1924 945 1998 Cormeliis
976 1925 1051 1997 in
1077 1950 1264 2025 pago
1295 1926 1698 2019 parisiensi,
1740 1926 2265 2001 incrementum
2297 1950 2464 2001 cen-

339 2065 465 2112 sus
504 2054 667 2111 octo
704 2038 1088 2133 librarum3
1149 2065 1314 2113 cum
1352 2042 1552 2139 prius
1590 2040 2025 2115 haberemus
2068 2040 2458 2115 duodecim

338 2148 587 2247 libraS‚
624 2153 841 2227 modo
872 2156 1148 2251 viginti.
1182 2159 1291 2227 De
1316 2180 1601 2228 annona
1640 2156 1887 2230 decem
1918 2172 2044 2229 aut
2074 2156 2460 2231 duodecim

342 2269 625 2343 modios
662 2256 1132 2362 habebamus,
1168 2295 1365 2343 nnnc
1398 2271 1656 2344 decem
1694 2287 1767 2344 et
1803 2288 1997 2346 octo.
2047 2273 2253 2371 Apud
2285 2274 2466 2345 Cen·

338 2384 735 2460 tinodium²
764 2400 1072 2484 quatuor
1110 2384 1329 2458 libras
1365 2385 1455 2457 de
1489 2387 1935 2459 incremento
1977 2388 2148 2460 novi
2177 2412 2458 2482 census,

339 2515 409 2573 et
438 2500 529 2574 de
550 2502 778 2575 veteri
814 2516 1102 2574 centum
1130 2499 1423 2573 solidos.
1465 2501 1673 2599 Apud
1700 2486 2140 2575 Francorum
2167 2502 2428 2576 Villam
2446 2505 2469 2542 ⁸

338 2616 809 2713 quadraginta
840 2616 1105 2688 solidos
1132 2614 1223 2688 de
1266 2640 1461 2688 novo
1506 2618 1980 2708 incrementO,
2029 2634 2102 2693 et
2148 2618 2461 2716 quadra-

343 2731 537 2825 ginta
590 2729 682 2803 de
742 2731 967 2804 veteri
1017 2744 1273 2829 praeter
1320 2730 1638 2803 feodum.
1697 2733 2063 2804 Decimam
2109 2731 2202 2806 de
2249 2732 2463 2807 feodo

340 2860 621 2937 nostre,
670 2870 886 2944 quam
928 2845 1232 2923 emimus
1269 2870 1313 2917 a
1360 2849 1639 2943 Pagano
1691 2847 1780 2919 de
1812 2848 2190 2940 Gisortio‘,
2221 2862 2296 2921 et
2343 2847 2434 2921 de

340 2955 583 3029 dimus
648 2957 919 3031 clericis
992 2958 1487 3031 matriculariis
1556 2984 1693 3057 pro
1759 2984 2007 3032 amore
2085 2961 2252 3051 Dei,
2347 2984 2462 3033 ex-

338 3086 547 3171 cepta
568 3070 849 3149 decima
880 3072 1101 3148 clausi
1131 3074 1387 3168 nostri,
1421 3098 1643 3173 quam
1664 3074 1878 3149 nobis
1910 3076 2356 3150 retinuimus.

994 3318 1111 3389 VI.
1150 3322 1261 3390 De
1291 3319 1730 3393 Montiniaco
1743 3324 1791 3392 ⁸.

442 3518 649 3620 Apud
688 3520 1227 3613 Montiniacum,
1258 3523 1774 3621 quinquaginta
1805 3522 2076 3597 solidos
2107 3520 2200 3596 de
2231 3545 2427 3596 novo
2433 3574 2455 3613 ,

350 3649 424 3708 et
454 3637 807 3733 sexaginta
833 3652 906 3711 et
940 3636 1189 3710 decem
1222 3635 1314 3710 de
1343 3640 1591 3713 veteri.

429 3886 457 3943 1
471 3924 487 3942 .
529 3880 715 3963 Vulgo
742 3886 1039 3945 Carmeille
1065 3902 1136 3941 en
1160 3888 1387 3944 Par-isis
1412 3881 1925 3964 (Scine-et-Oise).

431 3976 492 4031 2.
532 3976 773 4034 Sannois
797 3972 1299 4056 (Setae-et-oise).

428 4068 487 4125 3.
527 4070 933 4142 Meuaniae,
954 4066 1111 4128 haud
1139 4068 1341 4149 procul
1363 4068 1438 4128 ab
1460 4066 1677 4129 eisdem
1697 4066 1865 4131 locis.

428 4164 491 4223 4.
526 4164 773 4221 Gisorcio
788 4164 937 4223 edd.

430 4256 490 4315 5.
534 4257 699 4315 Nunc
724 4257 1427 4337 Montignydesssormeil,
