3275 5317
914 556 1029 611 328
1350 555 1678 613 OEUVRES
1721 544 2149 611 COMPLETES
2189 554 2292 610 DE
2331 552 2602 611 SUGER.

916 686 1207 757 trictum
1282 688 1315 755 ,1
1327 682 1609 755 udicem
1685 683 2135 777 accingamus
2155 683 2216 773 ¹3
2285 696 2360 755 et
2411 684 2996 780 quemadmodum

916 800 1069 895 ejus
1100 798 1590 898 prasentibus,
1625 806 1723 872 ita
1776 814 1848 871 et
1885 798 2144 871 futuris
2187 800 2860 897 comparticipantes
2897 802 3000 873 be·

916 915 1211 1009 neficiis,
1258 916 1509 989 saltem
1551 916 1862 1015 aliquam
1907 913 2364 987 beatitudinis
2387 930 2674 989 aeternae
2702 920 3000 989 extremi·

918 1046 1138 1105 tatem
1178 1056 1380 1103 secus
1420 1030 1641 1129 pedes
1687 1030 1964 1105 domini
2002 1053 2088 1103 ac
2129 1030 2442 1126 magistri
2481 1034 2712 1103 nostri
2743 1032 3008 1105 feliciter

916 1146 1395 1219 obtineamus·
1446 1152 1534 1218 Et
1567 1146 1914 1245 quoniam
1956 1145 2209 1218 fratres
2241 1148 2493 1237 nostri,
2540 1161 2886 1246 tanquam
2915 1174 3008 1221 ca-

918 1263 1177 1334 rissimi
1218 1261 1341 1335 filii
1373 1263 1732 1335 mandatis
1765 1263 2030 1336 nostris
2062 1262 2506 1353 obedientes,
2537 1276 2688 1335 tam
2721 1288 2798 1335 se
2825 1288 3008 1361 quam

922 1401 1361 1451 successores
1408 1402 1575 1451 suos
1622 1375 1796 1449 huic
1841 1376 2189 1451 secundo’
2225 1378 2512 1449 servitio
2563 1378 3008 1469 devoverunt,

920 1495 1165 1590 eisque
1222 1491 1345 1595 [et]
1406 1492 1931 1567 successoribus
1985 1494 2130 1565 suis
2187 1517 2320 1592 per
2363 1495 2695 1566 omnium
2763 1520 3013 1567 succes-

920 1610 1197 1682 sionem
1230 1624 1644 1708 temporum
1678 1611 1878 1682 omni
1900 1607 2386 1701 hebdomada,
2421 1610 2496 1682 in
2527 1610 2699 1709 ipsis
2723 1610 3012 1683 celeber-

920 1724 1120 1797 rimis
1148 1726 1672 1798 memoriarum
1701 1740 2108 1798 sanctarum
2125 1723 2404 1816 diebuS‚
2435 1724 2586 1797 sive
2613 1750 2734 1797 eas
2751 1726 3012 1817 faciant,

924 1840 1071 1913 sive
1111 1841 1617 1914 convenienter
1649 1840 2025 1913 occasione
2054 1838 2349 1935 alicujus
2379 1837 2756 1935 praecipuae
2787 1838 3016 1911 solem-

926 1958 1165 2031 nitatis
1202 1956 1617 2052 Vigiliarum
1651 1970 1778 2027 aut
1807 1955 2380 2051 Quadragesimae
2407 1968 2722 2045 mutent,
2757 1956 3018 2027 cotidia-

928 2098 1108 2147 num
1170 2097 1289 2145 sex
1374 2070 1770 2143 solidorum
1839 2069 2199 2166 generale⁸
2258 2083 2567 2167 quatuor
2627 2068 2908 2155 solidis,
2955 2086 3018 2141 ut

928 2188 1183 2262 decem
1200 2186 1404 2275 fiant,
1441 2186 1537 2259 ad
1565 2184 2022 2258 refectionem
2067 2188 2358 2258 eorum⁸
2379 2199 2944 2280 augmentamus,
2961 2202 3018 2257 et

928 2316 1475 2399 augmentatum
1530 2325 1662 2401 per
1709 2305 1945 2373 Deum
1994 2302 2567 2399 omnipotentem
2625 2316 2701 2372 et
2751 2300 3018 2373 districti

922 2418 1175 2518 judicii
1227 2416 1620 2491 terribilem
1665 2416 2260 2489 examinationem
2322 2440 2746 2517 permanere
2800 2416 3024 2489 indefi-

931 2535 1201 2607 cienter
1220 2534 1698 2607 obtestamur.
1715 2536 1817 2604 Ne
1833 2556 2002 2629 ergo
2020 2531 2316 2629 alicujus
2343 2532 2719 2606 occasione
2753 2532 3026 2605 avaritiae

934 2648 1321 2747 aliquando
1346 2649 1690 2746 sopiatur,
1723 2674 1812 2719 ex
1835 2648 1922 2720 iis
1947 2673 2104 2746 quae
2141 2664 2392 2722 nostro
2417 2666 2872 2745 augmentata
2891 2665 3028 2721 sunt

938 2765 1213 2857 labore,
1247 2764 1581 2837 videlicet
1604 2762 1695 2837 de
1717 2763 2058 2863 pedagico
2085 2764 2287 2862 quod
2307 2766 2384 2837 in
2407 2768 2644 2837 strata
2669 2764 3025 2860 colligitur,

938 2878 1191 2952 decem
1238 2880 1457 2953 libras
1502 2894 1576 2953 et
1631 2878 1884 2953 decem
1933 2878 2202 2952 solidos
2248 2880 2321 2951 in
2387 2879 2564 2952 feria
2607 2880 2932 2978 septima,
2963 2904 3028 2949 ex

940 2994 1338 3069 redditibus
1370 2996 1629 3069 nostris
1673 2993 1767 3066 de
1815 2992 2208 3067 vilcassino
2243 3010 2314 3068 et
2345 2994 2644 3067 decimis
2673 3018 2722 3067 a
2751 2993 3028 3091 glorioso

942 3132 1105 3203 rege
1146 3114 1581 3182 Francorum
1626 3109 1990 3182 Ludovico
2027 3110 2414 3199 concessiS,
2453 3124 2524 3181 et
2555 3110 3030 3182 constituimus

940 3239 1012 3296 et
1066 3222 1603 3297 confirmamus.
1661 3229 2002 3297 Praeterea
2043 3225 2176 3297 Dei
2211 3226 2729 3325 omnipotentis
2771 3225 3030 3298 servitio

942 3338 1390 3435 fratrumque
1452 3354 1870 3412 nostrorum
1933 3340 2428 3413 sustentationi
2453 3344 2476 3379 ⁸
2521 3340 2712 3412 bene
2762 3340 3028 3427 devoti,

946 3455 1369 3527 transitoriis
1416 3468 1687 3528 ‘aeterna
1746 3454 2294 3529 ‘commercando
2309 3510 2331 3542 ,
2414 3455 2486 3527 in
2569 3459 3038 3555 compassione

946 3570 1279 3643 laborum
1302 3586 1373 3643 et
1398 3571 1887 3643 consolatione
1903 3596 2180 3657 eorum,
2197 3570 2548 3669 quasdam
2577 3570 3039 3643 solemnitate-s

943 3686 1435 3761 honorabilius
1494 3703 1565 3760 et
1628 3687 1839 3760 solito
1898 3687 2223 3761 devotius
2279 3685 2622 3761 celebrari
2686 3686 3042 3785 dupliciter

1029 3918 1084 3973 ¹.
1116 3918 1480 3993 Attingamus
1504 3912 1644 3973 edit.
1671 3913 1881 3975 Chesn.

1025 4010 1086 4066 Ξ.
1122 4010 1374 4069 Secundo
1398 4006 1560 4065 deest
1584 4006 1643 4065 in
1665 4007 1866 4067 eadem
1899 4008 2041 4067 edit.

1030 4104 1089 4162 3.
1125 4104 1413 4174 Gener-alt,
1440 4098 1611 4172 male,
1644 4100 1842 4159 eadem
1873 4099 2014 4161 edit.

1032 4198 1091 4255 4.
1118 4200 1327 4255 Eorum
1361 4192 1635 4254 omissum
1661 4192 1721 4252 in
1754 4193 1976 4259 eadem.

1032 4294 1089 4353 5.
1116 4294 1611 4366 Sustentationem‚
1643 4288 1942 4365 mendose,
1971 4287 2115 4351 edit.
2141 4286 2401 4351 Dubleti.
