3275 5317
930 414 1045 473 420
1368 410 1696 469 oeuvasss
1735 394 2163 471 comma-ss
2202 412 2304 469 mi
2343 412 2606 471 suom.

1170 814 1243 863 v.
1307 812 1563 863 mrsu
1606 812 1706 861 nn
1761 812 1936 861 nrt
1987 794 2264 861 suetan
2311 814 2389 861 111
2445 814 2490 862 Α
2539 812 2786 863 suom.

1008 1079 1331 1169 Eugenius
1374 1078 1730 1169 episeopus,
1783 1099 2001 1143 servus
2056 1099 2388 1143 servorum
2432 1076 2573 1155 Dei,
2630 1077 2858 1144 dilecto
2893 1078 2996 1142 filio

923 1180 1215 1273 sugerio,
1244 1178 1460 1245 abbati
1488 1178 1720 1245 Sanoti‘
1729 1177 2040 1270 Dionysii,
2073 1179 2344 1247 salutem
2373 1196 2442 1245 et
2473 1181 2878 1271 apostolieum
2899 1182 2992 1247 be·

921 1282 1376 1351 nedietionem.

1008 1388 1215 1477 Super
1252 1384 1437 1451 obitu
1488 1382 1601 1449 filii
1643 1382 1848 1451 nostri
1894 1386 2202 1451 Iohannis
2242 1386 2498 1477 nepotis
2543 1387 2764 1469 vestri,
2811 1410 2984 1478 quem.

918 1487 1084 1556 siout
1102 1486 1485 1577 accepimus,
1512 1510 1631 1577 pro
1657 1485 1929 1577 negotiis
1947 1485 2141 1577 ipsius
2161 1487 2442 1554 ecclesiae
2461 1487 2544 1553 ad
2564 1507 2848 1555 nostram
2867 1490 2988 1553 mit-

922 1594 1100 1659 tebas
1144 1588 1569 1682 praesentiam,
1610 1606 1876 1681 paterna
1928 1592 2042 1655 tibi
2087 1589 2423 1657 affectione
2469 1589 2902 1681 compatimur,
2939 1608 2986 1656 et

920 1697 1121 1785 ipsius
1186 1692 1467 1759 animam
1516 1692 1800 1759 Domino
1871 1691 2168 1781 precibus
2219 1692 2851 1763 commendamus....
2911 1692 2990 1756 Ad

918 1814 1230 1875 montem,
1256 1794 1429 1863 unde
1460 1793 1672 1860 veniet
1699 1794 2001 1861 auxilium
2029 1793 2174 1874 tibi,
2207 1794 2438 1861 mentis
2465 1810 2590 1860 tuae
2626 1793 2821 1861 aciem
2845 1793 2982 1884 figas,

918 1916 985 1967 et
1008 1896 1336 1989 religionis
1364 1920 1441 1962 ao
1484 1895 1844 1962 honestatis
1877 1912 1998 1961 tuae
2031 1895 2436 1987 propositum
2465 1896 2533 1960 in
2566 1898 2844 1962 Domino
2861 1920 2984 1961 eon·

918 1999 1192 2067 fortatus
1228 1998 1497 2065 firmiter
1539 2013 1785 2076 teneas,
1836 2022 1954 2063 nec
1997 2014 2338 2089 propterea
2379 1997 2673 2065 dimittas
2723 1996 2866 2089 quin
2897 2022 2984 2089 pm

918 2100 1195 2169 ecclesiae
1236 2117 1361 2166 tuae
1396 2098 1987 2191 opportunitatibus
2021 2098 2106 2165 ad
2147 2099 2368 2166 sedem
2409 2100 2824 2191 apostolieum
2863 2100 2984 2165 diri-

916 2226 1050 2297 gas‚
1074 2219 1139 2269 et
1158 2204 1217 2269 ei
1240 2218 1477 2269 statum
1501 2218 1625 2268 tuoe
1651 2200 2041 2267 necessitatis
2063 2224 2370 2292 exponas.
2399 2202 2537 2268 Nos
2557 2204 2738 2268 enim
2759 2202 2984 2268 eandem

916 2308 1245 2376 eeclesiam
1270 2323 1335 2373 et
1365 2330 1707 2399 personam
1736 2323 1912 2373 tuam
1938 2304 2183 2371 sincera
2199 2304 2265 2371 in
2291 2306 2572 2371 Domino
2595 2309 2852 2372 caritate
2869 2304 2983 2371 dili-

916 2427 1161 2502 gentes,
1194 2410 1403 2500 parati
1431 2431 1650 2475 sumus
1670 2410 1872 2496 justas
1910 2405 2369 2499 postulationes
2403 2426 2648 2476 vestras
2675 2408 2979 2485 attendere,

914 2531 980 2580 et
1010 2512 1075 2579 in
1106 2512 1337 2603 quibus
1368 2510 1722 2579 seeundum
1743 2510 2093 2578 Dominum
2115 2534 2458 2601 possumus
2482 2509 2845 2579 exaudit-e'.

1106 2872 1204 2919 vi.
1266 2870 1527 2918 mnan
1574 2868 1668 2917 nt
1710 2870 2000 2935 nonum,
2060 2850 2331 2930 avions
2371 2846 2823 2937 n'annnoar,

1798 2994 1838 3041 Α
1887 2992 2130 3041 suom.

998 3252 1342 3329 Robertus,
1405 3250 1521 3315 Dei
1578 3250 1782 3339 gratia
1833 3247 2318 3315 Herefordensis
2385 3249 2673 3323 eeclesiae
2739 3250 2978 3317 minister

908 3353 1166 3421 humilis
1180 3403 1197 3432 ‚
1228 3351 1393 3418 votis
1428 3366 1492 3417 et
1528 3348 1854 3440 obsequiis
1895 3350 2160 3441 Sugerio
2191 3351 2554 3419 venerando
2595 3352 2810 3419 abbati
2837 3348 2972 3417 Beati

906 3454 1195 3623 Dia-nysa
1226 3453 1521 3527 salutem,
1551 3468 1638 3531 et,
1687 3450 1740 3518 si
1783 3474 1941 3542 quas
1977 3450 2174 3519 habet
2199 3454 2627 3545 receptibiles,
2661 3452 2976 3521 orationum

904 3582 977 3625 su
1028 3580 1228 3647 ragis.

990 3658 1214 3726 Officia
1248 3656 1527 3725 liberalis
1564 3656 1782 3749 gratias
1814 3674 2066 3739 vestrae,
2103 3674 2236 3724 tam
2275 3658 2518 3727 dudum
2551 3662 2712 3731 mihi
2738 3660 2972 3731 exhibita
3092 3656 3094 3659 ’

904 3786 1097 3854 quam
1133 3763 1356 3853 saepius
1394 3762 1632 3845 oblata,
1669 3760 2031 3827 debitorem
2069 3782 2170 3827 me
2211 3776 2436 3829 tenent
2481 3793 2500 3831 x
2545 3764 2600 3831 si
2639 3790 2766 3832 non
2809 3766 2970 3831 vicem

902 3864 1259 3959 rependere
1299 3864 1522 3955 possit,
1564 3862 1788 3931 saltem
1821 3881 1894 3931 ut
1931 3863 2166 3957 gratias
2197 3866 2456 3948 referat,
2489 3890 2650 3957 quas
2677 3868 2865 3961 possit
2886 3890 2970 3931 vo·

982 4116 1039 4175 1.
1066 4114 1151 4172 Ex
1176 4110 1415 4185 Chesn.,
1436 4113 1536 4184 IV„
1568 4113 1710 4174 493.
1728 4116 1951 4171 —Ren
1979 4116 2176 4190 gallic.
2213 4118 2437 4190 script„
2463 4115 2593 4185 XV,
2625 4118 2764 4177 456.
