3275 5317
953 582 1080 638 vm
1119 582 1220 638 DE
1255 580 1480 639 LOUlS
1519 582 1612 639 LE
1654 581 1873 639 GROS.
2396 584 2470 640 29

358 712 660 811 plicant3
728 710 1126 807 naufragari
1179 709 1432 783 urbem
1467 726 1538 784 et
1580 713 1975 804 ecclesiam,
2038 712 2189 783 imo
2240 736 2473 811 ipsum

363 826 739 900 dominum
761 852 1050 925 papam,
1087 826 1148 897 si
1168 851 1316 899 non
1339 828 1483 899 cito
1503 828 1987 917 subvenerint,
2009 826 2474 925 jurejurando

357 945 848 1042 pronuntiant.
891 947 1176 1015 Haerent
1192 942 1574 1041 principeS,
1610 957 1686 1015 et
1715 942 1895 1040 quid
1924 942 2213 1039 eligant,
2246 968 2338 1015 an
2358 968 2476 1015 ex-

359 1058 800 1158 peditionem
828 1074 1098 1132 tantam
1132 1074 1204 1130 et
1229 1074 1378 1131 tam
1423 1074 1919 1157 sumptuosam
1964 1058 2475 1158 irrecuperabi-

359 1174 519 1248 liter
545 1178 908 1267 omittant,
965 1200 1056 1246 an
1099 1174 1479 1247 dominum
1509 1200 1797 1273 papam,
1854 1175 2109 1248 urbem
2149 1190 2221 1247 et
2262 1176 2479 1247 eccle-

361 1294 539 1366 siam
562 1294 906 1382 ancillari,
947 1293 1096 1364 imo
1122 1293 1522 1388 naufragari
1555 1295 1974 1367 sustineant.
2003 1297 2327 1392 Cumque
2339 1292 2475 1365 hac

361 1409 818 1481 anxiarentur
855 1406 1397 1497 deliberatione,
1466 1405 1610 1479 hoc
1648 1408 2312 1482 excellentissimum
2356 1408 2477 1481 eli·

361 1528 609 1619 gunt¹:
643 1524 838 1595 istud
870 1524 1102 1596 facere
1131 1536 1202 1595 et
1241 1520 1414 1595 illud
1458 1546 1606 1593 non
1643 1524 2003 1596 omittere’
2045 1522 2469 1597 deliberant.

361 1640 628 1712 Relicto
663 1638 1017 1736 siquidem
1049 1638 1413 1711 obsidioni
1439 1637 1885 1729 Boamundo,
1924 1654 2124 1737 pater
2186 1640 2259 1710 in
2294 1642 2478 1737 Apu-

357 1752 531 1825 liam
555 1752 1080 1827 transfretando
1111 1777 1496 1849 reg-ressuS,
1533 1752 2037 1851 undecumque
2082 1754 2345 1852 potuit,
2384 1752 2475 1825 de

361 1868 617 1959 Sicilia,
633 1870 884 1968 Apulia
907 1885 979 1942 et
996 1868 1320 1943 Calabria
1340 1883 1556 1965 atque
1571 1868 1961 1966 Campania
1979 1870 2167 1941 viros
2184 1882 2257 1943 et
2278 1893 2476 1941 arma

359 1982 672 2078 collegit,
691 1999 763 2056 et
771 1998 919 2055 tam
933 1983 1462 2082 promptissime
1472 2006 1688 2079 quam
1705 1981 2168 2055 audacissime
2178 1986 2477 2056 Romam

361 2098 802 2170 acceleravit.
839 2098 1041 2170 Unde
1076 2099 1316 2170 divina
1346 2096 1709 2170 voluntate
1724 2112 1795 2169 et
1816 2098 2019 2196 quasi
2058 2112 2477 2196 portentum

361 2211 689 2284 mirabile
744 2214 1061 2310 contigit,
1119 2227 1202 2285 ut
1257 2236 1424 2283 cum
1469 2212 1598 2283 iste
1633 2216 1961 2303 Romam,
1997 2226 2067 2283 et
2093 2214 2481 2311 imperator

364 2329 1212 2428 ConstantinopolitanuS,
1265 2326 1506 2399 audita
1553 2326 1847 2399 Roberti
1899 2326 2246 2416 absentia,
2306 2325 2484 2398 adu·-

363 2458 530 2516 nato
571 2450 983 2519 Graecorum
1015 2444 1354 2535 exercitu,
1396 2442 1488 2515 ad
1530 2441 2081 2542 expugnandum
2128 2447 2479 2513 Boamun-

367 2558 568 2650 dum,
609 2559 1054 2631 Durachium
1107 2573 1254 2630 tam
1309 2573 1502 2629 terra
1527 2582 1746 2654 quam
1781 2556 1965 2628 mari
1989 2554 2437 2655 applicuisset
2454 2608 2475 2647 ,

373 2698 517 2743 una
547 2689 619 2745 et
649 2673 901 2746 eadem
933 2673 1052 2744 die
1071 2686 1276 2771 pater
1298 2670 1779 2745 Guischardus
1797 2676 2035 2743 Romae
2062 2694 2230 2743 cum
2254 2671 2479 2768 impe-

369 2801 608 2859 ratore
656 2788 1145 2883 congrediens,
1199 2784 1316 2859 ille
1345 2812 1511 2860 cum
1566 2790 1975 2861 Graecorum
2054 2787 2481 2885 imperatore

367 2919 658 2975 strenue
743 2903 1152 3000 confligenS,
1233 2918 1534 3002 uterque
1588 2902 1923 3001 princeps
1987 2900 2077 2973 de
2172 2916 2479 2999 utroque

365 3018 799 3118 imperatore
837 3018 1188 3117 (mirabile
1220 3017 1444 3115 dictu)
1478 3016 2005 3116 triumphavit⁸.

463 3134 742 3207 Praesati
789 3135 1003 3230 igitur
1050 3133 1452 3207 Boamundi
1494 3132 1587 3205 ad
1629 3148 1867 3233 partes
1918 3134 2085 3205 istas
2124 3132 2476 3207 adventus

364 3440 660 3501 codicibus
697 3439 937 3500 forsitan
971 3436 1278 3519 legendum
1319 3442 1744 3513 crescentiana,
1773 3438 1809 3496 a
1840 3435 2167 3499 Crescentio
2208 3449 2475 3514 tyranno,

364 3532 537 3615 hujus
576 3533 755 3595 turris
795 3533 1056 3607 domino,
1094 3533 1196 3612 qui
1232 3531 1340 3591 sub
1383 3534 1537 3612 papa
1584 3530 1865 3611 Gregorio
1900 3535 1971 3607 V,
2014 3531 2087 3589 ab
2134 3531 2481 3608 imperatore

371 3627 600 3689 Othone
619 3631 708 3687 111
739 3626 984 3687 interfici
1013 3623 1210 3707 jussus
1245 3638 1354 3697 est,
1385 3644 1536 3684 anno
1573 3627 1713 3685 998.
1754 3626 1895 3698 Quae
1924 3623 2097 3683 turris
2132 3640 2285 3681 nunc
2304 3618 2478 3699 vulgo

371 3732 609 3781 vocatur
633 3725 1021 3798 Saint-Ange.

451 3822 482 3877 1
499 3864 514 3879 .
559 3822 798 3896 Eligant
823 3818 984 3876 deest
1019 3816 1080 3875 in
1108 3814 1240 3875 cod.
1266 3819 1405 3893 135,
1434 3815 1689 3893 itemque
1708 3810 1770 3872 in
1796 3811 1931 3873 edd.
1961 3812 2157 3873 Germ.
2184 3823 2243 3872 et
2264 3810 2478 3877 Chesn.

450 3912 510 3970 2.
556 3908 884 3971 Meminisse
938 3908 1164 3970 videtur
1217 3906 1491 3987 Sugerius
1532 3904 1785 3967 Matthaei
1835 3908 2051 3984 Evang.
2066 3952 2083 3981 ,
2130 3924 2255 3987 cap.
2303 3924 2477 3979 xxm,

368 4023 429 4064 v.
463 4006 563 4081 23,
589 4003 652 4063 in
676 4024 794 4084 quo
817 4004 1086 4083 leguntur
1117 4025 1132 4065 ε
1168 4008 1303 4063 Haec
1321 4007 1562 4080 oportuit
1594 4004 1815 4077 facere,
1842 4012 1899 4058 et
1923 4003 2029 4058 illa
2058 4020 2167 4057 non
2204 4006 2472 4059 omittere.

451 4099 511 4157 3.
553 4099 685 4157 Non
714 4096 1102 4159 Alexandrum
1137 4098 1195 4155 11
1214 4140 1232 4169 ,
1261 4096 1363 4155 sed
1389 4092 1518 4176 ejus
1555 4112 1943 4154 successorem
1977 4091 2320 4173 Gregorium
2345 4094 2477 4165 Vll,

369 4190 444 4250 ab
491 4190 841 4270 imperatore
862 4191 1114 4251 Henrico
1139 4192 1218 4250 IV
1239 4190 1556 4261 obsessum,
1589 4184 1940 4249 Guiscardus
1978 4184 2268 4258 liberavit,
2304 4183 2480 4263 idque

370 4302 522 4344 anno
548 4286 702 4344 1084
728 4282 1106 4365 (Benedict.).
