<?xml version="1.0" encoding="UTF-8"?>
<!DOCTYPE html PUBLIC "-//W3C//DTD XHTML 1.0 Transitional//EN"
    "http://www.w3.org/TR/xhtml1/DTD/xhtml1-transitional.dtd">
<html xmlns="http://www.w3.org/1999/xhtml" xml:lang="en" lang="en">
 <head>
  <title>
</title>
<meta http-equiv="Content-Type" content="text/html;charset=utf-8" />
  <meta name='ocr-system' content='tesseract 3.04.00' />
  <meta name='ocr-capabilities' content='ocr_page ocr_carea ocr_par ocr_line ocrx_word'/>
</head>
<body>
  <div class='ocr_page' id='page_1' title='image "./oeuvrescompltes00marcgoog_0122.png"; bbox 0 0 3275 5317; ppageno 0'>
   <div class='ocr_carea' id='block_1_1' title="bbox 972 570 2485 638">
    <p class='ocr_par' dir='ltr' id='par_1_1' title="bbox 972 570 2485 638">
     <span class='ocr_line' id='line_1_1' title="bbox 972 570 2485 638; baseline 0.008 -12"><span class='ocrx_word' id='word_1_1' title='bbox 972 571 1094 626; x_wconf 82' lang='lat' dir='ltr'><strong>VIE</strong></span> <span class='ocrx_word' id='word_1_2' title='bbox 1138 571 1237 625; x_wconf 87' lang='lat' dir='ltr'><strong>DE</strong></span> <span class='ocrx_word' id='word_1_3' title='bbox 1278 570 1501 628; x_wconf 87' lang='lat' dir='ltr'>LOUIS</span> <span class='ocrx_word' id='word_1_4' title='bbox 1540 573 1634 628; x_wconf 87' lang='lat' dir='ltr'><strong>LE</strong></span> <span class='ocrx_word' id='word_1_5' title='bbox 1675 573 1891 632; x_wconf 84' lang='lat' dir='ltr'><strong>GROS.</strong></span> <span class='ocrx_word' id='word_1_6' title='bbox 2411 581 2485 638; x_wconf 73' lang='lat'><strong>89</strong></span> 
     </span>
    </p>
   </div>
   <div class='ocr_carea' id='block_1_2' title="bbox 371 699 2494 3920">
    <p class='ocr_par' dir='ltr' id='par_1_2' title="bbox 371 699 2489 1469">
     <span class='ocr_line' id='line_1_2' title="bbox 371 699 2489 806; baseline 0.003 -31"><span class='ocrx_word' id='word_1_7' title='bbox 371 705 505 803; x_wconf 91' lang='lat' dir='ltr'><strong>qui</strong></span> <span class='ocrx_word' id='word_1_8' title='bbox 526 702 668 775; x_wconf 69' lang='lat' dir='ltr'><strong>laaei</strong></span> <span class='ocrx_word' id='word_1_9' title='bbox 684 701 721 774; x_wconf 84' lang='lat' dir='ltr'>f</span> <span class='ocrx_word' id='word_1_10' title='bbox 716 715 966 772; x_wconf 83' lang='lat' dir='ltr'><strong>nerant</strong></span> <span class='ocrx_word' id='word_1_11' title='bbox 991 699 1166 796; x_wconf 87' lang='lat' dir='ltr'><strong>regii</strong></span> <span class='ocrx_word' id='word_1_12' title='bbox 1189 701 1511 798; x_wconf 80' lang='lat' dir='ltr'><strong>quiriteS,</strong></span> <span class='ocrx_word' id='word_1_13' title='bbox 1533 704 1879 776; x_wconf 86' lang='lat' dir='ltr'><strong>acerrime</strong></span> <span class='ocrx_word' id='word_1_14' title='bbox 1894 703 2174 797; x_wconf 85' lang='lat' dir='ltr'><strong>laedere,</strong></span> <span class='ocrx_word' id='word_1_15' title='bbox 2197 708 2292 806; x_wconf 90' lang='lat' dir='ltr'><strong>inj</strong></span> <span class='ocrx_word' id='word_1_16' title='bbox 2302 711 2489 782; x_wconf 88' lang='lat' dir='ltr'><strong>uria-</strong></span> 
     </span>
     <span class='ocr_line' id='line_1_3' title="bbox 372 817 2480 918; baseline 0.002 -26"><span class='ocrx_word' id='word_1_17' title='bbox 372 845 545 893; x_wconf 84' lang='lat' dir='ltr'><strong>rum</strong></span> <span class='ocrx_word' id='word_1_18' title='bbox 568 817 1437 907; x_wconf 89' lang='lat' dir='ltr'><strong>memores,contendunt,</strong></span> <span class='ocrx_word' id='word_1_19' title='bbox 1474 841 1605 889; x_wconf 92' lang='lat' dir='ltr'><strong>nec</strong></span> <span class='ocrx_word' id='word_1_20' title='bbox 1636 817 1732 890; x_wconf 89' lang='lat' dir='ltr'><strong>ab</strong></span> <span class='ocrx_word' id='word_1_21' title='bbox 1761 819 2073 918; x_wconf 84' lang='lat' dir='ltr'><strong>incoepto</strong></span> <span class='ocrx_word' id='word_1_22' title='bbox 2105 820 2480 917; x_wconf 86' lang='lat' dir='ltr'><strong>desistunt,</strong></span> 
     </span>
     <span class='ocr_line' id='line_1_4' title="bbox 372 932 2485 1026; baseline 0.002 -18"><span class='ocrx_word' id='word_1_23' title='bbox 372 935 608 1008; x_wconf 91' lang='lat' dir='ltr'><strong>donec</strong></span> <span class='ocrx_word' id='word_1_24' title='bbox 676 932 989 1006; x_wconf 89' lang='lat' dir='ltr'><strong>subitam</strong></span> <span class='ocrx_word' id='word_1_25' title='bbox 1044 957 1127 1004; x_wconf 91' lang='lat' dir='ltr'><strong>ac</strong></span> <span class='ocrx_word' id='word_1_26' title='bbox 1192 932 1251 1004; x_wconf 89' lang='lat' dir='ltr'><strong>si</strong></span> <span class='ocrx_word' id='word_1_27' title='bbox 1299 932 1589 1004; x_wconf 87' lang='lat' dir='ltr'><strong>fatatam</strong></span> <span class='ocrx_word' id='word_1_28' title='bbox 1614 936 1633 971; x_wconf 86' lang='lat'><strong>¹</strong></span> <span class='ocrx_word' id='word_1_29' title='bbox 1683 935 2160 1007; x_wconf 90' lang='lat' dir='ltr'><strong>munitionem</strong></span> <span class='ocrx_word' id='word_1_30' title='bbox 2187 993 2206 1026; x_wconf 96' lang='lat'><strong>,</strong></span> <span class='ocrx_word' id='word_1_31' title='bbox 2253 940 2485 1012; x_wconf 89' lang='lat' dir='ltr'><strong>multo</strong></span> 
     </span>
     <span class='ocr_line' id='line_1_5' title="bbox 371 1047 2488 1143; baseline 0.002 -21"><span class='ocrx_word' id='word_1_32' title='bbox 371 1050 633 1140; x_wconf 88' lang='lat' dir='ltr'><strong>milite,</strong></span> <span class='ocrx_word' id='word_1_33' title='bbox 685 1048 913 1120; x_wconf 89' lang='lat' dir='ltr'><strong>multa</strong></span> <span class='ocrx_word' id='word_1_34' title='bbox 964 1062 1324 1120; x_wconf 81' lang='lat' dir='ltr'><strong>armatura</strong></span> <span class='ocrx_word' id='word_1_35' title='bbox 1382 1047 1796 1121; x_wconf 90' lang='lat' dir='ltr'><strong>munierunt</strong></span> <span class='ocrx_word' id='word_1_36' title='bbox 1848 1077 1864 1120; x_wconf 77' lang='grc' dir='ltr'><em>τ</em></span> <span class='ocrx_word' id='word_1_37' title='bbox 1916 1051 2088 1121; x_wconf 79' lang='lat' dir='ltr'><strong>certi</strong></span> <span class='ocrx_word' id='word_1_38' title='bbox 2111 1107 2132 1143; x_wconf 92' lang='lat'><strong>,</strong></span> <span class='ocrx_word' id='word_1_39' title='bbox 2179 1076 2349 1124; x_wconf 84' lang='lat' dir='ltr'><strong>mox</strong></span> <span class='ocrx_word' id='word_1_40' title='bbox 2408 1071 2488 1127; x_wconf 87' lang='lat' dir='ltr'><strong>ut</strong></span> 
     </span>
     <span class='ocr_line' id='line_1_6' title="bbox 373 1161 2488 1264; baseline 0.002 -26"><span class='ocrx_word' id='word_1_41' title='bbox 373 1165 742 1240; x_wconf 79' lang='lat' dir='ltr'><strong>recesserit</strong></span> <span class='ocrx_word' id='word_1_42' title='bbox 802 1189 925 1237; x_wconf 81' lang='lat' dir='ltr'><strong>rex</strong></span> <span class='ocrx_word' id='word_1_43' title='bbox 944 1218 964 1255; x_wconf 95' lang='lat'><strong>,</strong></span> <span class='ocrx_word' id='word_1_44' title='bbox 1040 1178 1164 1235; x_wconf 87' lang='lat' dir='ltr'><strong>aut</strong></span> <span class='ocrx_word' id='word_1_45' title='bbox 1233 1161 1372 1234; x_wconf 92' lang='lat' dir='ltr'><strong>loci</strong></span> <span class='ocrx_word' id='word_1_46' title='bbox 1439 1163 1745 1261; x_wconf 86' lang='lat' dir='ltr'>proximi</span> <span class='ocrx_word' id='word_1_47' title='bbox 1821 1164 2356 1264; x_wconf 84' lang='lat' dir='ltr'><strong>importunitate</strong></span> <span class='ocrx_word' id='word_1_48' title='bbox 2412 1195 2488 1243; x_wconf 86' lang='lat' dir='ltr'><strong>se</strong></span> 
     </span>
     <span class='ocr_line' id='line_1_7' title="bbox 376 1278 2484 1382; baseline 0.003 -30"><span class='ocrx_word' id='word_1_49' title='bbox 376 1281 843 1354; x_wconf 80' lang='lat' dir='ltr'>audacissime</span> <span class='ocrx_word' id='word_1_50' title='bbox 874 1278 1284 1371; x_wconf 82' lang='lat' dir='ltr'><strong>defendere,</strong></span> <span class='ocrx_word' id='word_1_51' title='bbox 1325 1294 1449 1352; x_wconf 89' lang='lat' dir='ltr'><strong>aut</strong></span> <span class='ocrx_word' id='word_1_52' title='bbox 1473 1278 1790 1352; x_wconf 90' lang='lat' dir='ltr'><strong>hostium</strong></span> <span class='ocrx_word' id='word_1_53' title='bbox 1830 1281 2207 1354; x_wconf 86' lang='lat' dir='ltr'><strong>saevissimo</strong></span> <span class='ocrx_word' id='word_1_54' title='bbox 2249 1283 2484 1382; x_wconf 88' lang='lat' dir='ltr'><strong>gladio</strong></span> 
     </span>
     <span class='ocr_line' id='line_1_8' title="bbox 374 1395 1145 1469; baseline -0.005 0"><span class='ocrx_word' id='word_1_55' title='bbox 374 1395 773 1469; x_wconf 84' lang='lat' dir='ltr'><strong>miserrime</strong></span> <span class='ocrx_word' id='word_1_56' title='bbox 829 1395 1145 1467; x_wconf 89' lang='lat' dir='ltr'><strong>interire.</strong></span> 
     </span>
    </p>

    <p class='ocr_par' dir='ltr' id='par_1_3' title="bbox 372 1511 2494 3920">
     <span class='ocr_line' id='line_1_9' title="bbox 470 1511 2480 1610; baseline 0.001 -24"><span class='ocrx_word' id='word_1_57' title='bbox 470 1513 775 1586; x_wconf 88' lang='lat' dir='ltr'><strong>Rediens</strong></span> <span class='ocrx_word' id='word_1_58' title='bbox 823 1513 1061 1608; x_wconf 85' lang='lat' dir='ltr'><strong>itaque</strong></span> <span class='ocrx_word' id='word_1_59' title='bbox 1128 1511 1547 1582; x_wconf 86' lang='lat' dir='ltr'><strong>Tauriacum</strong></span> <span class='ocrx_word' id='word_1_60' title='bbox 1574 1567 1592 1600; x_wconf 93' lang='lat'><strong>,</strong></span> <span class='ocrx_word' id='word_1_61' title='bbox 1647 1512 1972 1609; x_wconf 86' lang='lat' dir='ltr'><strong>viresque</strong></span> <span class='ocrx_word' id='word_1_62' title='bbox 2029 1513 2442 1610; x_wconf 83' lang='lat' dir='ltr'><strong>recolligens</strong></span> <span class='ocrx_word' id='word_1_63' title='bbox 2461 1572 2480 1608; x_wconf 93' lang='lat'><strong>,</strong></span> 
     </span>
     <span class='ocr_line' id='line_1_10' title="bbox 374 1627 2488 1726; baseline 0.002 -25"><span class='ocrx_word' id='word_1_64' title='bbox 374 1627 633 1701; x_wconf 84' lang='lat' dir='ltr'><strong>alendo</strong></span> <span class='ocrx_word' id='word_1_65' title='bbox 694 1629 1033 1700; x_wconf 83' lang='lat' dir='ltr'><strong>exercitui</strong></span> <span class='ocrx_word' id='word_1_66' title='bbox 1090 1627 1163 1698; x_wconf 89' lang='lat' dir='ltr'><strong>in</strong></span> <span class='ocrx_word' id='word_1_67' title='bbox 1212 1629 1495 1726; x_wconf 85' lang='lat' dir='ltr'><strong>praefata</strong></span> <span class='ocrx_word' id='word_1_68' title='bbox 1541 1643 1740 1700; x_wconf 91' lang='lat' dir='ltr'><strong>mota</strong></span> <span class='ocrx_word' id='word_1_69' title='bbox 1759 1683 1778 1719; x_wconf 90' lang='lat'><strong>,</strong></span> <span class='ocrx_word' id='word_1_70' title='bbox 1825 1629 2046 1700; x_wconf 92' lang='lat' dir='ltr'><strong>modo</strong></span> <span class='ocrx_word' id='word_1_71' title='bbox 2092 1631 2275 1702; x_wconf 90' lang='lat' dir='ltr'><strong>clam</strong></span> <span class='ocrx_word' id='word_1_72' title='bbox 2320 1657 2488 1706; x_wconf 90' lang='lat' dir='ltr'><strong>cum</strong></span> 
     </span>
     <span class='ocr_line' id='line_1_11' title="bbox 376 1742 2492 1842; baseline 0.001 -25"><span class='ocrx_word' id='word_1_73' title='bbox 376 1744 649 1842; x_wconf 81' lang='lat' dir='ltr'><strong>paucis,</strong></span> <span class='ocrx_word' id='word_1_74' title='bbox 688 1744 915 1815; x_wconf 88' lang='lat' dir='ltr'><strong>modo</strong></span> <span class='ocrx_word' id='word_1_75' title='bbox 974 1744 1208 1842; x_wconf 87' lang='lat' dir='ltr'><strong>palam</strong></span> <span class='ocrx_word' id='word_1_76' title='bbox 1272 1768 1439 1815; x_wconf 90' lang='lat' dir='ltr'><strong>cum</strong></span> <span class='ocrx_word' id='word_1_77' title='bbox 1496 1742 1780 1834; x_wconf 80' lang='lat' dir='ltr'><strong>multiS,</strong></span> <span class='ocrx_word' id='word_1_78' title='bbox 1841 1769 1969 1841; x_wconf 88' lang='lat' dir='ltr'><strong>per</strong></span> <span class='ocrx_word' id='word_1_79' title='bbox 2015 1744 2286 1817; x_wconf 90' lang='lat' dir='ltr'><strong>medias</strong></span> <span class='ocrx_word' id='word_1_80' title='bbox 2335 1747 2492 1819; x_wconf 85' lang='lat' dir='ltr'><strong>hos-</strong></span> 
     </span>
     <span class='ocr_line' id='line_1_12' title="bbox 378 1858 2492 1958; baseline 0.001 -26"><span class='ocrx_word' id='word_1_81' title='bbox 378 1861 560 1932; x_wconf 89' lang='lat' dir='ltr'><strong>tium</strong></span> <span class='ocrx_word' id='word_1_82' title='bbox 615 1861 805 1932; x_wconf 87' lang='lat' dir='ltr'><strong>acies</strong></span> <span class='ocrx_word' id='word_1_83' title='bbox 858 1858 1187 1931; x_wconf 83' lang='lat' dir='ltr'><strong>victualia</strong></span> <span class='ocrx_word' id='word_1_84' title='bbox 1232 1874 1381 1931; x_wconf 87' lang='lat' dir='ltr'><strong>tam</strong></span> <span class='ocrx_word' id='word_1_85' title='bbox 1428 1859 1822 1957; x_wconf 84' lang='lat' dir='ltr'><strong>periculose</strong></span> <span class='ocrx_word' id='word_1_86' title='bbox 1872 1883 2088 1958; x_wconf 90' lang='lat' dir='ltr'><strong>quam</strong></span> <span class='ocrx_word' id='word_1_87' title='bbox 2153 1862 2492 1937; x_wconf 84' lang='lat' dir='ltr'><strong>audacter</strong></span> 
     </span>
     <span class='ocr_line' id='line_1_13' title="bbox 374 1974 2491 2076; baseline 0.002 -29"><span class='ocrx_word' id='word_1_88' title='bbox 374 1974 749 2048; x_wconf 79' lang='lat' dir='ltr'><strong>deferebat</strong></span> <span class='ocrx_word' id='word_1_89' title='bbox 797 2003 815 2046; x_wconf 71' lang='grc' dir='ltr'><strong><em>ε</em></strong></span> <span class='ocrx_word' id='word_1_90' title='bbox 883 1974 1147 2066; x_wconf 89' lang='lat' dir='ltr'><strong>donee,</strong></span> <span class='ocrx_word' id='word_1_91' title='bbox 1210 1975 1377 2072; x_wconf 84' lang='lat' dir='ltr'><strong>quia</strong></span> <span class='ocrx_word' id='word_1_92' title='bbox 1441 1975 1892 2047; x_wconf 91' lang='lat' dir='ltr'><strong>Puteolenses</strong></span> <span class='ocrx_word' id='word_1_93' title='bbox 1943 1977 2491 2076; x_wconf 84' lang='lat' dir='ltr'><strong>propinquitatis</strong></span> 
     </span>
     <span class='ocr_line' id='line_1_14' title="bbox 376 2089 2492 2187; baseline 0.002 -26"><span class='ocrx_word' id='word_1_94' title='bbox 376 2090 919 2187; x_wconf 82' lang='lat' dir='ltr'><strong>importunitate</strong></span> <span class='ocrx_word' id='word_1_95' title='bbox 994 2114 1117 2161; x_wconf 91' lang='lat' dir='ltr'><strong>eos</strong></span> <span class='ocrx_word' id='word_1_96' title='bbox 1186 2089 1736 2162; x_wconf 84' lang='lat' dir='ltr'><strong>intolerabiliter</strong></span> <span class='ocrx_word' id='word_1_97' title='bbox 1795 2106 2121 2186; x_wconf 84' lang='lat' dir='ltr'><strong>urgentes</strong></span> <span class='ocrx_word' id='word_1_98' title='bbox 2178 2092 2492 2166; x_wconf 89' lang='lat' dir='ltr'><strong>obsidio-</strong></span> 
     </span>
     <span class='ocr_line' id='line_1_15' title="bbox 378 2205 2494 2302; baseline 0.002 -26"><span class='ocrx_word' id='word_1_99' title='bbox 378 2208 590 2278; x_wconf 83' lang='lat' dir='ltr'><strong>nem’</strong></span> <span class='ocrx_word' id='word_1_100' title='bbox 616 2205 1099 2294; x_wconf 88' lang='lat' dir='ltr'><strong>minabantur,</strong></span> <span class='ocrx_word' id='word_1_101' title='bbox 1134 2229 1256 2276; x_wconf 87' lang='lat' dir='ltr'><strong>rex</strong></span> <span class='ocrx_word' id='word_1_102' title='bbox 1314 2206 1643 2277; x_wconf 91' lang='lat' dir='ltr'><strong>cominus</strong></span> <span class='ocrx_word' id='word_1_103' title='bbox 1687 2222 1911 2278; x_wconf 87' lang='lat' dir='ltr'><strong>castra</strong></span> <span class='ocrx_word' id='word_1_104' title='bbox 1955 2209 2224 2302; x_wconf 84' lang='lat' dir='ltr'><strong>movit,</strong></span> <span class='ocrx_word' id='word_1_105' title='bbox 2275 2212 2494 2280; x_wconf 88' lang='lat' dir='ltr'><strong>Yonis</strong></span> 
     </span>
     <span class='ocr_line' id='line_1_16' title="bbox 378 2319 2488 2420; baseline 0.002 -28"><span class='ocrx_word' id='word_1_106' title='bbox 378 2321 635 2394; x_wconf 78' lang='lat' dir='ltr'><strong>Villam</strong></span> <span class='ocrx_word' id='word_1_107' title='bbox 651 2323 675 2360; x_wconf 81' lang='lat'>⁸</span> <span class='ocrx_word' id='word_1_108' title='bbox 709 2320 855 2410; x_wconf 76' lang='lat' dir='ltr'><strong>fere</strong></span> <span class='ocrx_word' id='word_1_109' title='bbox 886 2344 1035 2392; x_wconf 92' lang='lat' dir='ltr'><strong>uno</strong></span> <span class='ocrx_word' id='word_1_110' title='bbox 1072 2319 1402 2392; x_wconf 88' lang='lat' dir='ltr'><strong>milliario</strong></span> <span class='ocrx_word' id='word_1_111' title='bbox 1432 2320 1724 2392; x_wconf 88' lang='lat' dir='ltr'><strong>Puteolo</strong></span> <span class='ocrx_word' id='word_1_112' title='bbox 1766 2322 2242 2420; x_wconf 89' lang='lat' dir='ltr'><strong>propinquam</strong></span> <span class='ocrx_word' id='word_1_113' title='bbox 2273 2349 2488 2397; x_wconf 89' lang='lat' dir='ltr'><strong>occu-</strong></span> 
     </span>
     <span class='ocr_line' id='line_1_17' title="bbox 376 2421 2486 2536; baseline 0.002 -28"><span class='ocrx_word' id='word_1_114' title='bbox 376 2424 495 2536; x_wconf 81' lang='lat' dir='ltr'><strong>pat</strong></span> <span class='ocrx_word' id='word_1_115' title='bbox 518 2421 547 2525; x_wconf 46' lang='lat'><strong>,‘</strong></span> <span class='ocrx_word' id='word_1_116' title='bbox 606 2437 977 2535; x_wconf 90' lang='lat' dir='ltr'><strong>inopinate</strong></span> <span class='ocrx_word' id='word_1_117' title='bbox 1041 2434 1207 2534; x_wconf 92' lang='lat' dir='ltr'><strong>palo</strong></span> <span class='ocrx_word' id='word_1_118' title='bbox 1271 2451 1343 2508; x_wconf 91' lang='lat' dir='ltr'><strong>et</strong></span> <span class='ocrx_word' id='word_1_119' title='bbox 1415 2435 1681 2508; x_wconf 89' lang='lat' dir='ltr'><strong>vimine</strong></span> <span class='ocrx_word' id='word_1_120' title='bbox 1735 2437 2010 2508; x_wconf 85' lang='lat' dir='ltr'><strong>curiam</strong></span> <span class='ocrx_word' id='word_1_121' title='bbox 2073 2438 2486 2514; x_wconf 89' lang='lat' dir='ltr'><strong>interiorem</strong></span> 
     </span>
     <span class='ocr_line' id='line_1_18' title="bbox 374 2552 2489 2652; baseline 0.001 -28"><span class='ocrx_word' id='word_1_122' title='bbox 374 2553 615 2649; x_wconf 82' lang='lat' dir='ltr'><strong>cingit.</strong></span> <span class='ocrx_word' id='word_1_123' title='bbox 652 2556 989 2650; x_wconf 91' lang='lat' dir='ltr'><strong>Dumque</strong></span> <span class='ocrx_word' id='word_1_124' title='bbox 1007 2552 1351 2624; x_wconf 85' lang='lat' dir='ltr'><strong>exercitus</strong></span> <span class='ocrx_word' id='word_1_125' title='bbox 1378 2566 1571 2624; x_wconf 87' lang='lat' dir='ltr'><strong>extra</strong></span> <span class='ocrx_word' id='word_1_126' title='bbox 1598 2553 1902 2624; x_wconf 90' lang='lat' dir='ltr'><strong>tentoria</strong></span> <span class='ocrx_word' id='word_1_127' title='bbox 1929 2552 2106 2648; x_wconf 82' lang='lat' dir='ltr'><strong>figit,</strong></span> <span class='ocrx_word' id='word_1_128' title='bbox 2141 2553 2489 2652; x_wconf 83' lang='lat' dir='ltr'><strong>palatinus</strong></span> 
     </span>
     <span class='ocr_line' id='line_1_19' title="bbox 377 2666 2490 2767; baseline 0.002 -28"><span class='ocrx_word' id='word_1_129' title='bbox 377 2691 625 2739; x_wconf 88' lang='lat' dir='ltr'><strong>comes</strong></span> <span class='ocrx_word' id='word_1_130' title='bbox 651 2666 1133 2753; x_wconf 81' lang='lat' dir='ltr'><strong>TheobalduS,</strong></span> <span class='ocrx_word' id='word_1_131' title='bbox 1176 2666 1481 2738; x_wconf 90' lang='lat' dir='ltr'><strong>collecto</strong></span> <span class='ocrx_word' id='word_1_132' title='bbox 1518 2681 2098 2765; x_wconf 90' lang='lat' dir='ltr'><strong>quantocumque</strong></span> <span class='ocrx_word' id='word_1_133' title='bbox 2141 2671 2375 2767; x_wconf 82' lang='lat' dir='ltr'><strong>potuit</strong></span> <span class='ocrx_word' id='word_1_134' title='bbox 2417 2685 2490 2743; x_wconf 89' lang='lat' dir='ltr'><strong>et</strong></span> 
     </span>
     <span class='ocr_line' id='line_1_20' title="bbox 378 2783 2483 2882; baseline 0.002 -29"><span class='ocrx_word' id='word_1_135' title='bbox 378 2806 681 2854; x_wconf 89' lang='lat' dir='ltr'><strong>suorum</strong></span> <span class='ocrx_word' id='word_1_136' title='bbox 722 2796 794 2853; x_wconf 92' lang='lat' dir='ltr'><strong>et</strong></span> <span class='ocrx_word' id='word_1_137' title='bbox 836 2786 1419 2854; x_wconf 84' lang='lat' dir='ltr'><strong>Normaunorum</strong></span> <span class='ocrx_word' id='word_1_138' title='bbox 1468 2783 1818 2854; x_wconf 85' lang='lat' dir='ltr'><strong>exercitus</strong></span> <span class='ocrx_word' id='word_1_139' title='bbox 1853 2783 2153 2876; x_wconf 85' lang='lat' dir='ltr'><strong>robore,</strong></span> <span class='ocrx_word' id='word_1_140' title='bbox 2213 2786 2483 2882; x_wconf 92' lang='lat' dir='ltr'><strong>impetu</strong></span> 
     </span>
     <span class='ocr_line' id='line_1_21' title="bbox 374 2895 2486 2996; baseline 0.002 -28"><span class='ocrx_word' id='word_1_141' title='bbox 374 2895 808 2969; x_wconf 81' lang='lat' dir='ltr'><strong>validissimo</strong></span> <span class='ocrx_word' id='word_1_142' title='bbox 841 2898 915 2974; x_wconf 90' lang='lat' dir='ltr'><strong>in</strong></span> <span class='ocrx_word' id='word_1_143' title='bbox 955 2921 1079 2970; x_wconf 92' lang='lat' dir='ltr'><strong>eos</strong></span> <span class='ocrx_word' id='word_1_144' title='bbox 1119 2898 1324 2969; x_wconf 83' lang='lat' dir='ltr'><strong>irruit</strong></span> <span class='ocrx_word' id='word_1_145' title='bbox 1377 2899 1784 2996; x_wconf 79' lang='lat' dir='ltr'><strong>imparatOS,</strong></span> <span class='ocrx_word' id='word_1_146' title='bbox 1819 2898 2128 2971; x_wconf 89' lang='lat' dir='ltr'><strong>necdum</strong></span> <span class='ocrx_word' id='word_1_147' title='bbox 2167 2901 2486 2973; x_wconf 90' lang='lat' dir='ltr'><strong>munitos</strong></span> 
     </span>
     <span class='ocr_line' id='line_1_22' title="bbox 374 3001 2486 3111; baseline 0.002 -25"><span class='ocrx_word' id='word_1_148' title='bbox 374 3029 525 3086; x_wconf 86' lang='lat' dir='ltr'><strong>tam</strong></span> <span class='ocrx_word' id='word_1_149' title='bbox 566 3011 903 3110; x_wconf 86' lang='lat' dir='ltr'><strong>repellere</strong></span> <span class='ocrx_word' id='word_1_150' title='bbox 955 3001 1171 3111; x_wconf 82' lang='lat' dir='ltr'><strong>quam</strong></span> <span class='ocrx_word' id='word_1_151' title='bbox 1215 3026 1668 3111; x_wconf 90' lang='lat' dir='ltr'><strong>prosternere</strong></span> <span class='ocrx_word' id='word_1_152' title='bbox 1711 3014 2091 3086; x_wconf 89' lang='lat' dir='ltr'><strong>animatur.</strong></span> <span class='ocrx_word' id='word_1_153' title='bbox 2137 3015 2267 3087; x_wconf 88' lang='lat' dir='ltr'><strong>Cui</strong></span> <span class='ocrx_word' id='word_1_154' title='bbox 2315 3040 2486 3092; x_wconf 87' lang='lat' dir='ltr'><strong>cum</strong></span> 
     </span>
     <span class='ocr_line' id='line_1_23' title="bbox 372 3127 2492 3230; baseline 0.002 -30"><span class='ocrx_word' id='word_1_155' title='bbox 372 3151 502 3200; x_wconf 82' lang='lat' dir='ltr'><strong>rex</strong></span> <span class='ocrx_word' id='word_1_156' title='bbox 527 3144 845 3199; x_wconf 87' lang='lat' dir='ltr'><strong>armatus</strong></span> <span class='ocrx_word' id='word_1_157' title='bbox 873 3143 1071 3200; x_wconf 88' lang='lat' dir='ltr'><strong>extra</strong></span> <span class='ocrx_word' id='word_1_158' title='bbox 1102 3127 1483 3220; x_wconf 82' lang='lat' dir='ltr'><strong>obviasset,</strong></span> <span class='ocrx_word' id='word_1_159' title='bbox 1516 3128 1821 3201; x_wconf 87' lang='lat' dir='ltr'><strong>vicissim</strong></span> <span class='ocrx_word' id='word_1_160' title='bbox 1845 3131 1919 3200; x_wconf 92' lang='lat' dir='ltr'><strong>in</strong></span> <span class='ocrx_word' id='word_1_161' title='bbox 1951 3154 2206 3230; x_wconf 88' lang='lat' dir='ltr'><strong>campo</strong></span> <span class='ocrx_word' id='word_1_162' title='bbox 2234 3133 2492 3226; x_wconf 86' lang='lat' dir='ltr'><strong>gravis-</strong></span> 
     </span>
     <span class='ocr_line' id='line_1_24' title="bbox 372 3242 2489 3344; baseline 0.002 -28"><span class='ocrx_word' id='word_1_163' title='bbox 372 3242 553 3316; x_wconf 82' lang='lat' dir='ltr'><strong>sime</strong></span> <span class='ocrx_word' id='word_1_164' title='bbox 598 3242 1001 3332; x_wconf 89' lang='lat' dir='ltr'><strong>dimicatur,</strong></span> <span class='ocrx_word' id='word_1_165' title='bbox 1056 3243 1545 3316; x_wconf 83' lang='lat' dir='ltr'><strong>indifferenter</strong></span> <span class='ocrx_word' id='word_1_166' title='bbox 1584 3259 1732 3316; x_wconf 82' lang='lat' dir='ltr'><strong>tam</strong></span> <span class='ocrx_word' id='word_1_167' title='bbox 1789 3244 2049 3318; x_wconf 88' lang='lat' dir='ltr'><strong>lanceis</strong></span> <span class='ocrx_word' id='word_1_168' title='bbox 2089 3272 2302 3344; x_wconf 87' lang='lat' dir='ltr'><strong>quam</strong></span> <span class='ocrx_word' id='word_1_169' title='bbox 2343 3248 2489 3343; x_wconf 87' lang='lat' dir='ltr'><strong>gla-</strong></span> 
     </span>
     <span class='ocr_line' id='line_1_25' title="bbox 372 3357 2489 3461; baseline 0.002 -31"><span class='ocrx_word' id='word_1_170' title='bbox 372 3357 539 3451; x_wconf 84' lang='lat' dir='ltr'><strong>diis3</strong></span> <span class='ocrx_word' id='word_1_171' title='bbox 565 3360 807 3458; x_wconf 89' lang='lat' dir='ltr'><strong>potius</strong></span> <span class='ocrx_word' id='word_1_172' title='bbox 832 3358 923 3431; x_wconf 89' lang='lat' dir='ltr'><strong>de</strong></span> <span class='ocrx_word' id='word_1_173' title='bbox 942 3359 1234 3431; x_wconf 79' lang='lat' dir='ltr'><strong>victoria</strong></span> <span class='ocrx_word' id='word_1_174' title='bbox 1258 3383 1477 3456; x_wconf 88' lang='lat' dir='ltr'><strong>quam</strong></span> <span class='ocrx_word' id='word_1_175' title='bbox 1501 3358 1593 3431; x_wconf 90' lang='lat' dir='ltr'><strong>de</strong></span> <span class='ocrx_word' id='word_1_176' title='bbox 1605 3360 1750 3431; x_wconf 79' lang='lat' dir='ltr'><strong>vita</strong></span> <span class='ocrx_word' id='word_1_177' title='bbox 1769 3361 2027 3456; x_wconf 77' lang='lat' dir='ltr'><strong>agitur,</strong></span> <span class='ocrx_word' id='word_1_178' title='bbox 2052 3361 2143 3434; x_wconf 90' lang='lat' dir='ltr'><strong>de</strong></span> <span class='ocrx_word' id='word_1_179' title='bbox 2169 3362 2489 3461; x_wconf 87' lang='lat' dir='ltr'><strong>trophaeo</strong></span> 
     </span>
     <span class='ocr_line' id='line_1_26' title="bbox 376 3472 2488 3571; baseline 0 -24"><span class='ocrx_word' id='word_1_180' title='bbox 376 3497 597 3571; x_wconf 89' lang='lat' dir='ltr'><strong>quam</strong></span> <span class='ocrx_word' id='word_1_181' title='bbox 656 3472 749 3546; x_wconf 88' lang='lat' dir='ltr'><strong>de</strong></span> <span class='ocrx_word' id='word_1_182' title='bbox 796 3487 1033 3546; x_wconf 85' lang='lat' dir='ltr'><strong>morte</strong></span> <span class='ocrx_word' id='word_1_183' title='bbox 1088 3473 1511 3546; x_wconf 89' lang='lat' dir='ltr'><strong>consulitur.</strong></span> <span class='ocrx_word' id='word_1_184' title='bbox 1565 3474 1743 3545; x_wconf 72' lang='lat' dir='ltr'><strong>Ubi*</strong></span> <span class='ocrx_word' id='word_1_185' title='bbox 1786 3473 2132 3547; x_wconf 88' lang='lat' dir='ltr'><strong>mirabilis</strong></span> <span class='ocrx_word' id='word_1_186' title='bbox 2178 3475 2488 3548; x_wconf 82' lang='lat' dir='ltr'><strong>audaciae</strong></span> 
     </span>
     <span class='ocr_line' id='line_1_27' title="bbox 374 3589 2488 3689; baseline 0.001 -29"><span class='ocrx_word' id='word_1_187' title='bbox 374 3589 655 3662; x_wconf 84' lang='lat' dir='ltr'><strong>videres</strong></span> <span class='ocrx_word' id='word_1_188' title='bbox 686 3591 1251 3689; x_wconf 84' lang='lat' dir='ltr'><strong>experimentum</strong></span> <span class='ocrx_word' id='word_1_189' title='bbox 1280 3618 1295 3661; x_wconf 72' lang='grc' dir='ltr'><strong><em>ε</em></strong></span> <span class='ocrx_word' id='word_1_190' title='bbox 1328 3590 1672 3687; x_wconf 87' lang='lat' dir='ltr'><strong>quoniam</strong></span> <span class='ocrx_word' id='word_1_191' title='bbox 1695 3615 1860 3663; x_wconf 91' lang='lat' dir='ltr'><strong>cum</strong></span> <span class='ocrx_word' id='word_1_192' title='bbox 1892 3591 2239 3662; x_wconf 86' lang='lat' dir='ltr'><strong>exercitus</strong></span> <span class='ocrx_word' id='word_1_193' title='bbox 2269 3591 2488 3662; x_wconf 90' lang='lat' dir='ltr'><strong>comi·</strong></span> 
     </span>
     <span class='ocr_line' id='line_1_28' title="bbox 379 3704 2487 3803; baseline 0.001 -27"><span class='ocrx_word' id='word_1_194' title='bbox 379 3704 493 3792; x_wconf 87' lang='lat' dir='ltr'><strong>tis,</strong></span> <span class='ocrx_word' id='word_1_195' title='bbox 522 3720 638 3777; x_wconf 90' lang='lat' dir='ltr'><strong>ter</strong></span> <span class='ocrx_word' id='word_1_196' title='bbox 670 3721 949 3778; x_wconf 86' lang='lat' dir='ltr'><strong>tantum</strong></span> <span class='ocrx_word' id='word_1_197' title='bbox 982 3707 1293 3778; x_wconf 84' lang='lat' dir='ltr'><strong>exercitu</strong></span> <span class='ocrx_word' id='word_1_198' title='bbox 1334 3707 1513 3803; x_wconf 87' lang='lat' dir='ltr'><strong>regis</strong></span> <span class='ocrx_word' id='word_1_199' title='bbox 1553 3707 2029 3798; x_wconf 90' lang='lat' dir='ltr'><strong>numerosior,</strong></span> <span class='ocrx_word' id='word_1_200' title='bbox 2075 3705 2331 3778; x_wconf 88' lang='lat' dir='ltr'><strong>milites</strong></span> <span class='ocrx_word' id='word_1_201' title='bbox 2370 3731 2487 3779; x_wconf 90' lang='lat' dir='ltr'><strong>re-</strong></span> 
     </span>
     <span class='ocr_line' id='line_1_29' title="bbox 378 3818 2488 3920; baseline 0.002 -30"><span class='ocrx_word' id='word_1_202' title='bbox 378 3821 480 3916; x_wconf 88' lang='lat' dir='ltr'><strong>gis</strong></span> <span class='ocrx_word' id='word_1_203' title='bbox 502 3821 579 3891; x_wconf 90' lang='lat' dir='ltr'><strong>in</strong></span> <span class='ocrx_word' id='word_1_204' title='bbox 607 3818 845 3893; x_wconf 85' lang='lat' dir='ltr'><strong>villam</strong></span> <span class='ocrx_word' id='word_1_205' title='bbox 893 3822 1361 3916; x_wconf 86' lang='lat' dir='ltr'><strong>retrusissent,</strong></span> <span class='ocrx_word' id='word_1_206' title='bbox 1398 3846 1521 3893; x_wconf 83' lang='lat' dir='ltr'><strong>rex</strong></span> <span class='ocrx_word' id='word_1_207' title='bbox 1547 3823 1696 3920; x_wconf 90' lang='lat' dir='ltr'><strong>ipse</strong></span> <span class='ocrx_word' id='word_1_208' title='bbox 1727 3847 1892 3894; x_wconf 90' lang='lat' dir='ltr'><strong>cum</strong></span> <span class='ocrx_word' id='word_1_209' title='bbox 1924 3821 2192 3919; x_wconf 87' lang='lat' dir='ltr'><strong>paucis,</strong></span> <span class='ocrx_word' id='word_1_210' title='bbox 2232 3819 2488 3898; x_wconf 83' lang='lat' dir='ltr'><strong>videli-</strong></span> 
     </span>
    </p>
   </div>
   <div class='ocr_carea' id='block_1_3' title="bbox 460 4006 1711 4352">
    <p class='ocr_par' dir='ltr' id='par_1_4' title="bbox 460 4006 1523 4074">
     <span class='ocr_line' id='line_1_30' title="bbox 460 4006 1523 4074; baseline 0.006 -9"><span class='ocrx_word' id='word_1_211' title='bbox 460 4010 517 4066; x_wconf 77' lang='lat' dir='ltr'><strong>l.</strong></span> <span class='ocrx_word' id='word_1_212' title='bbox 549 4011 809 4074; x_wconf 74' lang='lat' dir='ltr'><strong>Fatalem</strong></span> <span class='ocrx_word' id='word_1_213' title='bbox 832 4007 967 4066; x_wconf 83' lang='lat' dir='ltr'><strong>edd.</strong></span> <span class='ocrx_word' id='word_1_214' title='bbox 996 4006 1205 4069; x_wconf 89' lang='lat' dir='ltr'><strong>Chesn.</strong></span> <span class='ocrx_word' id='word_1_215' title='bbox 1234 4027 1302 4066; x_wconf 88' lang='lat' dir='ltr'><strong>ac</strong></span> <span class='ocrx_word' id='word_1_216' title='bbox 1329 4010 1523 4071; x_wconf 89' lang='lat' dir='ltr'><strong>Germ.</strong></span> 
     </span>
    </p>

    <p class='ocr_par' dir='ltr' id='par_1_5' title="bbox 460 4098 1711 4276">
     <span class='ocr_line' id='line_1_31' title="bbox 462 4098 1711 4166; baseline 0.006 -10"><span class='ocrx_word' id='word_1_217' title='bbox 462 4101 523 4161; x_wconf 81' lang='lat'><strong>2.</strong></span> <span class='ocrx_word' id='word_1_218' title='bbox 559 4098 645 4157; x_wconf 83' lang='lat' dir='ltr'><strong>ob</strong></span> <span class='ocrx_word' id='word_1_219' title='bbox 666 4101 991 4157; x_wconf 81' lang='lat' dir='ltr'><strong>seditionem</strong></span> <span class='ocrx_word' id='word_1_220' title='bbox 1018 4101 1152 4160; x_wconf 81' lang='lat' dir='ltr'><strong>edd.</strong></span> <span class='ocrx_word' id='word_1_221' title='bbox 1182 4101 1389 4162; x_wconf 84' lang='lat' dir='ltr'><strong>Chesn.</strong></span> <span class='ocrx_word' id='word_1_222' title='bbox 1425 4115 1483 4162; x_wconf 87' lang='lat' dir='ltr'><strong>et</strong></span> <span class='ocrx_word' id='word_1_223' title='bbox 1510 4102 1711 4166; x_wconf 83' lang='lat' dir='ltr'><strong>Germ.</strong></span> 
     </span>
     <span class='ocr_line' id='line_1_32' title="bbox 460 4190 1549 4276; baseline 0 -24"><span class='ocrx_word' id='word_1_224' title='bbox 460 4195 519 4252; x_wconf 87' lang='grc'><strong>3.</strong></span> <span class='ocrx_word' id='word_1_225' title='bbox 546 4190 772 4252; x_wconf 79' lang='lat' dir='ltr'><strong>Nostris</strong></span> <span class='ocrx_word' id='word_1_226' title='bbox 796 4197 1043 4252; x_wconf 74' lang='lat' dir='ltr'><strong>lanville</strong></span> <span class='ocrx_word' id='word_1_227' title='bbox 1073 4193 1152 4274; x_wconf 84' lang='lat' dir='ltr'><strong>(E</strong></span> <span class='ocrx_word' id='word_1_228' title='bbox 1152 4194 1549 4276; x_wconf 78' lang='lat' dir='ltr'><strong>ure-et-Loir).</strong></span> 
     </span>
    </p>

    <p class='ocr_par' dir='ltr' id='par_1_6' title="bbox 461 4285 1367 4352">
     <span class='ocr_line' id='line_1_33' title="bbox 461 4285 1367 4352; baseline 0.001 -5"><span class='ocrx_word' id='word_1_229' title='bbox 461 4287 519 4347; x_wconf 71' lang='lat'><strong>4.</strong></span> <span class='ocrx_word' id='word_1_230' title='bbox 554 4287 686 4346; x_wconf 80' lang='lat' dir='ltr'><strong>Vin·</strong></span> <span class='ocrx_word' id='word_1_231' title='bbox 710 4285 845 4351; x_wconf 82' lang='lat' dir='ltr'><strong>edd.</strong></span> <span class='ocrx_word' id='word_1_232' title='bbox 875 4286 1049 4352; x_wconf 84' lang='lat' dir='ltr'><strong>Germ</strong></span> <span class='ocrx_word' id='word_1_233' title='bbox 1075 4299 1132 4352; x_wconf 83' lang='lat' dir='ltr'><strong>et</strong></span> <span class='ocrx_word' id='word_1_234' title='bbox 1156 4288 1367 4351; x_wconf 86' lang='lat' dir='ltr'><strong>Chesu.</strong></span> 
     </span>
    </p>
   </div>
  </div>
 </body>
</html>
