3275 5317
938 581 1061 637 vm
1102 580 1204 637 DE
1243 580 1465 639 Loms
1509 580 1599 636 LE
1643 578 1858 639 GROS.
2339 580 2451 639 12¹1

344 710 451 805 gis
474 708 684 802 filius,
722 734 891 782 cum
934 714 1379 783 successisset
1424 711 1588 807 jure
1645 708 2282 805 consanguinitatis
2313 710 2458 783 for-

343 827 617 899 tissimo
644 827 890 899 comiti
910 826 1288 921 Balduino‚
1313 824 1937 925 Hierosolymitani
1963 823 2257 897 Roherti
2275 825 2450 919 filio,

343 942 689 1015 Flandriae
722 958 981 1016 terram
1008 943 1216 1017 valde
1242 942 1665 1041 populosam
1705 956 1857 1013 tam
1907 956 2193 1013 strenue
2238 968 2454 1039 quam

215 1113 223 1122 .
342 1057 719 1154 diligenter
749 1058 1317 1147 administrabat,
1351 1059 1664 1131 ecclesiae
1702 1059 1832 1130 Dei
1873 1057 2163 1131 illustris
2205 1058 2455 1133 defen-

342 1199 493 1266 sor,
540 1175 1156 1275 eleemosynarum
1199 1174 1613 1248 liberalimte
1674 1174 2128 1271 conspicuus,
2171 1174 2458 1271 justitia·

340 1302 541 1363 tutor
570 1292 887 1387 insigniS.
927 1292 1071 1381 Qui
1121 1317 1289 1364 cum
1321 1290 1608 1365 debitor
1632 1293 1654 1329 ¹
1692 1290 1986 1363 honoris
2012 1290 2280 1389 adepti,
2319 1314 2456 1388 po-

342 1420 577 1479 tenter
608 1407 962 1505 quosdam
990 1432 1247 1505 genere
1274 1407 1605 1497 humileS,
1644 1407 1904 1505 opibus
1934 1407 2182 1499 elatoS,
2220 1406 2454 1479 domi-

340 1523 467 1594 nio
517 1522 669 1619 ejus
721 1523 982 1597 lineam
1047 1523 1674 1621 consanguinitatis
1731 1522 2103 1595 absentare
2151 1521 2456 1621 superbe

342 1636 727 1711 innitentes
781 1640 1017 1737 (erant
1082 1641 1275 1711 enim
1319 1639 1411 1711 de
1442 1637 1611 1710 faece
1657 1636 2089 1711 conditionis
2123 1638 2452 1733 servilis),

334 1752 611 1849 Judicio
637 1756 855 1828 curiae
876 1757 1381 1828 convenienter
1418 1756 1583 1827 satis
1632 1769 2008 1854 repeteret,
2055 1754 2215 1853 ipsi,
2253 1754 2454 1826 vide-

339 1866 511 1941 licet
547 1872 917 1967 Brugensis
964 1872 1275 1944 ecclesiae
1309 1871 1732 1970 praepositus
1765 1885 1836 1942 et
1870 1870 2005 1964 sui,
2039 1868 2176 1943 viri
2208 1894 2456 1969 super-

340 1982 617 2055 bissimi
658 2000 729 2059 et
772 1985 1021 2059 famosi
1064 1988 1491 2087 proditoreS,
1541 1987 2030 2060 crudelissime
2059 1988 2124 2057 ei
2175 1987 2460 2059 insidia-

342 2098 635 2173 bantur.
704 2106 884 2175 Cum
943 2104 1156 2200 igitur
1219 2104 1533 2202 quadam
1601 2103 1720 2175 die
1795 2109 2056 2199 Brugas
2119 2104 2455 2194 venisset,

346 2240 634 2289 summo
725 2243 933 2291 mane
999 2220 1311 2291 ecclesiae
1390 2220 1525 2292 Dei
1593 2220 1922 2291 assistens
1949 2277 1968 2312 ,
2048 2219 2458 2317 pavimento

342 2348 739 2431 prostratus
758 2389 778 2427 ,
836 2334 1111 2407 librum
1162 2336 1572 2407 orationum
1604 2358 1828 2406 manu
1873 2350 2125 2406 tenens
2155 2332 2452 2405 orabat:

340 2472 507 2520 cum
566 2449 805 2522 subito
856 2449 1275 2523 Buchardus
1304 2452 1326 2487 ²
1392 2448 1689 2548 quidam
1710 2503 1729 2541 ,
1795 2473 2016 2547 nepos
2099 2448 2457 2548 praepositi

336 2566 610 2663 praefati
628 2620 649 2659 ,
701 2565 981 2637 satelles
1050 2564 1497 2637 truculentus
1520 2618 1540 2655 ,
1612 2589 1785 2637 cum
1842 2564 1995 2635 aliis
2045 2565 2138 2637 de
2203 2564 2457 2635 eadem

338 2680 881 2752 sceleratissima
968 2679 1202 2753 radice
1284 2694 1355 2751 et
1430 2680 1582 2751 aliis
1669 2679 2068 2753 traditionis
2136 2681 2458 2778 pessimae

340 2795 841 2893 complicibus,
880 2797 1145 2887 oranti,
1177 2798 1399 2867 immo
1429 2798 1584 2866 Deo
1611 2795 1961 2893 loquenti,
1993 2795 2205 2869 tacite
2235 2810 2460 2867 retro-

342 2910 571 3000 cedit,
608 2925 679 2983 et
720 2926 924 2983 caute
966 2910 1198 3006 gladio
1252 2912 1620 3007 evaginato
1655 2964 1676 3003 ‚
1727 2912 1996 2983 collum
2043 2926 2246 2983 terrae
2293 2934 2459 3011 pro-

339 3042 643 3099 stratum
668 3028 951 3100 comitis
984 3027 1391 3099 suavissime
1431 3041 1748 3123 tangenS,
1763 3042 1843 3099 ut
1868 3026 2242 3125 paululum
2263 3051 2456 3099 erec·

339 3156 498 3213 tum
530 3142 847 3215 ferientis
880 3142 1115 3237 gladio
1175 3167 1249 3213 se
1286 3144 1652 3241 inopinate
1696 3141 2055 3238 dirigeret,
2105 3168 2348 3216 ensem
2388 3141 2455 3213 ei

336 3260 731 3358 applicanS,
770 3285 921 3332 uno
968 3261 1113 3332 ictu
1173 3260 1434 3358 impius
1487 3262 1720 3359 pium,
1775 3285 2015 3332 servus
2066 3260 2450 3333 dominum

338 3376 881 3451 sceleratissime
923 3376 1359 3449 detruncat⁸.
1413 3377 1555 3464 Qui
1604 3392 1844 3449 autem
1891 3376 2214 3449 astabant
2258 3374 2454 3447 necis

335 3492 577 3591 impioe
620 3506 1147 3592 cooperatores,
1222 3492 1637 3589 sanguinem
1680 3494 1832 3590 ejus
1879 3494 2194 3564 sitientes
2225 3542 2248 3584 ,
2293 3504 2456 3561 tan-

339 3758 555 3813 comes,
585 3740 866 3806 Balduino
907 3739 1175 3801 successit
1208 3759 1361 3800 anno
1402 3744 1595 3815 11193
1626 3740 1790 3816 cnjus
1819 3738 2022 3819 vitam,
2053 3756 2186 3796 cum
2229 3733 2454 3815 sugerii

342 3834 671 3895 narratione
716 3834 1121 3895 conferendam
1143 3880 1164 3911 ,
1206 3834 1435 3913 scripsit
1470 3835 1778 3895 Galbertus
1795 3880 1814 3910 ,
1853 3830 2160 3911 Brugensis
2199 3831 2453 3891 notarius

340 3946 444 3987 seu
476 3928 747 4005 syndicus
773 3932 864 4001 (In
884 3933 1047 3987 Actis
1070 3934 1426 4002 Sanctorum,
1456 3928 1668 3989 mensis
1709 3926 1902 3989 martii
1926 3939 2070 3987 tom.
2105 3930 2155 4004 1,
2197 3946 2260 4006 p.
2306 3928 2448 3986 179.

340 4022 565 4082 Transl.
590 4022 655 4081 in
682 4020 1020 4082 collectione
1052 4027 1271 4096 Guizot,
1301 4034 1345 4086 t.
1376 4022 1563 4103 VIII).

425 4118 451 4172 1
468 4156 485 4174 .
508 4115 733 4191 Debita,
764 4116 918 4197 apud
941 4116 1176 4177 Freher.

422 4212 482 4266 2.
510 4212 837 4267 Bur-cardus
860 4212 1082 4269 12710.

423 4306 483 4363 8.
510 4302 616 4361 Die
641 4302 935 4374 mercurii,
967 4302 1159 4363 martii
1188 4302 1463 4374 secunda,
1487 4321 1581 4361 an.
1619 4306 1796 4362 1127.
