3275 5317
558 569 659 626 m:
698 569 795 625 LA
837 554 1397 626 cohsEcRA‘noN
1430 569 1531 625 DE
1572 568 2068 628 sum-nmis.
2271 570 2386 627 225

275 699 741 774 deliberando
789 700 1157 797 elegimus,
1200 715 1283 771 ut
1330 714 1628 799 propter
1685 722 1844 771 eam
1881 724 2101 797 quam
2141 699 2384 773 divina

273 818 627 916 operatio,
666 817 845 889 sicut
873 815 1275 889 veneranda
1304 816 1564 915 scripta
1591 830 1970 906 testantur,
1997 819 2288 915 propria
2321 833 2392 890 et

270 931 595 1005 manuali
652 933 1061 1005 extensione
1132 930 1439 1003 ecclesiae
1505 932 2022 1006 consecrationi
2079 934 2389 1029 antiquae

273 1048 620 1147 imposuit
656 1046 1261 1137 benedictionem,
1320 1046 1491 1145 ipsis
1520 1048 1808 1120 sacratis
1845 1046 2202 1147 lapidibus
2233 1062 2391 1119 tan·
2428 1129 2439 1143 ¹

274 1190 496 1263 quam
534 1164 853 1263 reliquiis
903 1164 1373 1249 deferremu5‚
1415 1164 1607 1237 illam
1638 1190 1796 1261 quae
1839 1179 2034 1237 tanta
2071 1165 2394 1260 exigente

277 1280 691 1353 necessitate
724 1280 1004 1352 novitas
1044 1280 1527 1372 inchoaretur,
1558 1278 2028 1376 longitudinis
2051 1294 2122 1351 et
2153 1278 2392 1350 latitu-

276 1397 467 1468 dinis
494 1395 1031 1493 pulchritudine
1082 1396 1555 1467 inniteremur
1598 1395 1999 1468 nobilitare.
2060 1394 2396 1467 Consulte

276 1510 634 1608 siquidem
681 1509 1055 1582 decretum
1099 1525 1205 1582 est
1254 1510 1445 1583 illam
1484 1510 1721 1583 altiori
1753 1508 2200 1609 inaequalem,
2238 1534 2396 1608 quae

279 1650 494 1723 super
563 1624 888 1697 absidem
956 1641 1369 1698 sanctorum
1432 1624 1900 1697 dominorum
1975 1639 2396 1698 nostrorum

279 1762 588 1837 corpora
614 1740 1038 1812 retinentem
1058 1739 1449 1838 operiebat,
1472 1741 1826 1812 removeri
1864 1739 2129 1813 voltam
2171 1764 2400 1837 usque

281 1852 377 1925 ad
408 1852 858 1950 superficiem
890 1854 1131 1952 criptae
1152 1856 1267 1927 cui
1295 1852 1744 1946 adhaerebat3
1785 1871 1864 1927 ut
1888 1853 2140 1928 eadem
2168 1856 2394 1953 cripta

284 1968 856 2066 superioritatem
900 1974 1011 2041 sui
1050 1968 1552 2043 accedentibus
1602 1994 1732 2069 per
1778 1986 2119 2068 utrosque
2141 1970 2399 2065 gradus

281 2106 423 2181 pro
446 2084 859 2182 pavimento
883 2083 1207 2175 offerret,
1236 2100 1307 2156 et
1336 2086 1411 2156 in
1440 2086 1896 2162 eminentiori
1922 2085 2084 2157 loco
2116 2088 2406 2158 Sancto-

284 2223 450 2270 rum
474 2197 760 2272 lecticas
786 2223 961 2271 auro
990 2213 1061 2270 et
1078 2200 1417 2298 preciosis
1430 2201 1732 2297 gemmis
1746 2199 2128 2272 adornatas
2141 2199 2406 2270 adven-

287 2316 591 2388 tantium
614 2313 989 2388 obtutibus
1001 2315 1427 2413 designaret.
1454 2316 1826 2387 Provisum
1859 2329 1964 2386 est
1982 2315 2194 2387 etiam
2219 2339 2408 2410 saga-

286 2430 466 2502 citer
496 2446 579 2502 ut
610 2429 1099 2529 superioribus
1123 2431 1475 2503 columnis
1512 2445 1584 2502 et
1614 2429 1924 2502 arcubus
1951 2429 2242 2521 mediiS,
2280 2431 2405 2528 qui

285 2546 361 2617 in
412 2546 871 2618 inferioribus
918 2546 993 2617 in
1052 2548 1281 2645 cripta
1344 2545 1658 2620 fundatis
1725 2562 2402 2645 superponerentur,

287 2661 739 2755 geometricis
771 2674 844 2731 et
877 2662 1291 2732 aritmeticis
1346 2662 1832 2734 instrumentis
1867 2659 2190 2733 medium
2223 2662 2408 2733 anti-

286 2797 453 2871 quae
505 2773 936 2845 testitudinis
970 2774 1279 2847 ecclesiae
1310 2778 1670 2871 augmenti
1702 2776 1872 2847 novi
1903 2776 2147 2863 medio
2177 2801 2410 2873 aequa-

289 2904 522 2980 retur,
567 2913 699 2961 nec
723 2889 963 2961 minus
994 2889 1449 2989 antiquarum
1500 2892 1856 2989 quantitas
1886 2890 2158 2963 alarum
2195 2916 2409 2963 nova-

292 3028 460 3077 rum
507 3005 887 3100 quantitati
930 3006 1435 3103 adaptaretur;
1484 3022 1784 3105 excepto
1836 3005 1960 3080 illo
2007 3006 2290 3079 urbano
2339 3022 2411 3080 et

294 3118 695 3219 approbato
739 3120 813 3192 in
850 3122 1147 3194 circuitu
1217 3122 1694 3195 oratoriorum
1744 3122 2211 3215 incrementO,
2265 3148 2413 3221 quo

297 3252 449 3309 tota
482 3236 1117 3309 sacratissimarum
1144 3236 1567 3309 vitrearum¹
1604 3237 1763 3309 luce
1794 3236 2100 3310 mirabili
2123 3253 2196 3309 et
2231 3262 2410 3309 con-

299 3350 497 3423 tinua
512 3352 921 3424 interiorem
953 3353 1425 3451 perlustrante
1446 3351 2058 3450 pulchritudinem
2081 3354 2403 3424 eniteret.

397 3470 485 3538 Ut
520 3482 760 3540 autem
809 3468 1107 3567 sapienti
1140 3467 1461 3557 consilio,
1503 3466 1816 3540 dictante
1838 3468 2109 3565 Spiritu
2137 3480 2409 3556 sanct0,

301 3583 503 3680 cujus
515 3585 759 3658 unctio
789 3583 880 3657 de
910 3583 1248 3657 omnibus
1272 3583 1521 3676 docet,
1557 3582 1916 3655 luculento
1949 3580 2204 3653 ordine
2240 3578 2419 3649 desi·

300 3714 593 3793 gnatum
656 3714 762 3772 est
814 3699 993 3799 quid
1037 3702 1376 3799 prosequi
1436 3720 2046 3798 proponeremuS,
2121 3693 2417 3766 collecto

300 3814 623 3886 virorum
654 3812 1036 3886 illustrium
1066 3829 1215 3886 tam
1248 3814 1754 3913 episcoporum
1790 3834 2011 3907 quam
2067 3807 2412 3883 abbatum

301 3945 661 4003 conventu
680 3986 703 4020 ‚
755 3931 978 4003 accita
1016 3927 1233 4003 e'tiam
1287 3929 1563 4003 domini
1601 3952 1686 3999 ac
1733 3924 2162 3999 serenissimi
2231 3926 2418 4021 regis

304 4051 743 4121 Francorum
774 4046 1115 4120 Ludovici
1150 4047 1548 4145 praesentia,
1597 4044 1827 4145 pridie
1860 4041 2022 4115 idus
2048 4041 2203 4138 julii
2218 4044 2264 4132 ²,
2305 4041 2422 4112 die

388 4282 447 4340 1.
480 4279 650 4338 Forte
668 4286 899 4358 pictura
918 4280 1103 4343 deoet.
1146 4314 1226 4327 —
1274 4284 1336 4340 2.
1369 4284 1541 4341 Anno
1570 4280 1746 4341 1140.

2108 4384 2136 4440 1
2151 4385 2187 4441 5
