3275 5317
910 539 1035 594 vlss
1080 540 1177 595 DE
1216 538 1437 597 LOUIS
1478 540 1573 597 LE
1618 538 1836 600 GROS.
2359 542 2434 599 85

322 672 539 743 msa-i
590 669 1019 743 restitutioni
1065 669 1427 761 insistunt,
1470 694 1595 743 rex
1648 670 2146 770 propinquum
2183 696 2318 771 pro
2347 674 2442 747 fa-

324 785 592 857 cultate
631 784 898 880 colligit
946 785 1365 859 exercitum.
1406 785 1647 857 Multis
1696 786 1888 857 enim
1929 810 2096 857 eum
2143 788 2216 858 in
2265 786 2442 859 locis

324 925 577 996 guerra
624 900 943 996 urgebat.
998 902 1323 997 Cumque
1367 904 1677 974 instante
1714 901 1834 974 die
1879 903 2124 975 Martis
2169 905 2436 976 exerci-

322 1030 485 1089 tum
530 1015 883 1088 eduxisset
906 1072 928 1105 ,
980 1015 1165 1087 acies
1198 1016 1597 1113 componit,
1652 1016 1870 1089 duces
1921 1019 2294 1117 praeponit,
2335 1045 2442 1091 sa-

320 1132 641 1228 gittarios
688 1146 763 1204 et
789 1130 1191 1203 balistarios
1224 1130 1389 1204 loco
1440 1156 1571 1204 suo
1611 1133 1944 1231 opponit,
1999 1148 2072 1205 et
2096 1133 2442 1233 pedeten-

319 1245 453 1317 tim
468 1259 701 1317 castro
710 1244 953 1317 adhuc
966 1244 1385 1344 imperfecto
1410 1248 1996 1346 appropinquans
2012 1246 2058 1339 ¹,
2096 1250 2440 1345 quoniam

318 1362 641 1435 audierat
671 1368 697 1403 ²
742 1362 1085 1433 comitem
1124 1360 1619 1435 Theobaldum
1677 1387 1753 1435 se
1795 1364 2153 1461 jactitasse
2191 1380 2442 1437 contra

320 1501 487 1548 eum
542 1478 618 1548 in
682 1499 939 1572 campo
1002 1474 1375 1566 dimicare,
1452 1491 1794 1548 consueta
1862 1477 2443 1571 magnanimitate

321 1592 539 1690 pedes
569 1606 885 1664 armatus
928 1592 1118 1663 inter
1162 1603 1472 1663 armatos
1505 1589 1903 1683 descendit,
1941 1616 2168 1689 equos
2212 1617 2444 1664 remo-

320 1709 471 1779 veri
506 1707 739 1804 jubet,
790 1731 975 1804 quos
1026 1705 1467 1778 descendere
1516 1731 1761 1779 secum
1795 1706 2055 1779 fecerat
2100 1708 2194 1779 ad
2222 1708 2440 1780 auda-

320 1824 505 1895 ciam
558 1822 837 1912 invitat,
893 1846 985 1893 ne
1055 1822 1430 1893 flectantur
1499 1822 1856 1915 sollicitat,
1915 1838 1999 1896 ut
2058 1824 2442 1895 fortissime

318 1937 669 2009 dimicent
698 1936 983 2009 clamat.
1024 1940 1263 2024 Quem
1298 1962 1467 2010 cum
1502 1937 1686 2012 adeo
1720 1953 2009 2011 strenue
2035 1938 2442 2010 venientem

320 2054 564 2125 hostes
608 2067 677 2125 et
720 2051 1045 2123 viderent
1096 2066 1169 2123 et
1222 2052 1726 2143 formidarent,
1775 2053 1984 2125 veriti
2033 2054 2244 2125 castri
2279 2076 2446 2150 pro·

324 2169 645 2240 cinctum
675 2167 891 2269 exire,
930 2165 1185 2239 timide
1213 2166 1338 2238 sed
1370 2183 1575 2240 caute
1608 2167 1978 2263 elegerunt
2007 2166 2194 2238 infra
2225 2189 2448 2261 quen-

319 2282 490 2353 dam
527 2283 870 2355 fossatum
892 2283 1273 2380 antiquum
1298 2280 1517 2353 diruti
1537 2283 1751 2354 castri
1777 2282 1961 2354 acies
1975 2303 2438 2378 componere,

317 2398 560 2497 ibique
586 2411 961 2498 expectare
994 2425 1011 2469 t
1044 2398 1120 2468 in
1146 2397 1289 2468 hoc
1317 2395 1684 2489 callentes»,
1713 2411 1794 2467 ut
1825 2420 1990 2468 cum
2022 2396 2209 2491 regis
2235 2418 2440 2465 exer-

316 2514 499 2585 citus
528 2515 876 2585 fossatum
908 2513 1337 2583 inniteretur
1367 2510 1880 2601 conscendere,
1913 2510 2057 2609 illic
2085 2510 2438 2603 resistere,

315 2630 509 2701 acies
556 2628 902 2699 ordinatae
930 2630 954 2667 ⁸
1016 2626 1609 2697 exordinarentur
1628 2682 1648 2715 ,
1699 2620 2110 2697 exordinate
2153 2623 2438 2697 vacilla-

315 2738 508 2817 rent.
540 2742 759 2831 Quod
776 2764 1037 2838 magna
1063 2740 1155 2813 de
1178 2755 1382 2840 parte
1406 2740 1819 2835 contingere
1846 2742 2163 2836 contigit.
2199 2727 2439 2811 Primo

312 2860 509 2931 enim
542 2858 1065 2953 congressionis
1096 2857 1395 2954 impetu,
1426 2880 1595 2927 cum
1631 2856 1806 2951 regii
1827 2859 1849 2895 ⁶
1885 2857 2179 2953 quirites
2213 2854 2438 2929 multa

311 2973 533 3067 caede,
576 2974 763 3045 mira
802 2972 1131 3062 audacia,
1177 2996 1218 3043 a
1258 2970 1525 3043 fossato
1554 2972 1575 3007 ⁸
1630 2995 1754 3043 eos
1799 2970 1980 3043 sicut
2019 2972 2240 3043 victos
2264 2994 2434 3068 pro-

306 3089 681 3188 pulissent,
713 3088 1149 3161 exordinatis
1213 3086 1527 3180 aciebus,
1564 3109 1690 3159 eos
1724 3085 2214 3158 indifferenter
2249 3086 2435 3159 inse-

310 3218 615 3301 quentes
652 3202 1039 3299 agitabant.

409 3324 686 3393 Interea
732 3318 1073 3391 Radulfus
1110 3317 1726 3414 Bangenciacensis
1749 3319 1794 3408 ⁸,
1841 3318 1949 3389 vir
1977 3318 2280 3413 magnae⁷
2325 3340 2434 3386 sa-

318 3438 637 3532 gacitatis
674 3451 747 3509 et
788 3432 1249 3525 strenuitatiS,
1304 3432 1615 3531 idipsum
1669 3432 1868 3530 quod
1909 3432 2206 3527 contigit
2239 3429 2436 3528 prius

398 3690 427 3744 1
445 3729 462 3744 .
490 3686 661 3743 Anno
688 3684 839 3742 1112
864 3680 961 3739 vel
996 3682 1149 3740 1113
1175 3679 1473 3739 obsessum
1505 3691 1595 3738 est
1622 3674 1880 3737 secundo
1911 3674 2232 3737 Puteolum.

401 3776 463 3834 2.
491 3772 777 3833 Audiebat
794 3776 1014 3833 12710.
1044 3804 1125 3817 —-
1152 3770 1479 3830 Audiebant
1500 3771 1635 3830 edd.
1673 3774 1874 3831 Germ.
1904 3780 1963 3829 et
1989 3768 2199 3832 Chesn.

398 3878 460 3935 3.
494 3873 591 3933 Sic
618 3885 781 3951 quat.
816 3872 989 3936 codd.
1020 3904 1097 3918 —
1126 3874 1529 3945 Conse-endere,
1559 3874 1680 3928 illic
1703 3876 1859 3928 acies
1884 3872 2258 3930 ordinatoe....
2293 3868 2429 3932 edd.

318 3969 527 4030 Chesn.
561 3980 621 4027 et
646 3966 953 4027 Bened.-—
977 3968 1375 4040 Conscendere,
1400 3970 1519 4022 illic
1542 3966 1929 4037 conscendere,
1960 3970 2114 4023 acies
2118 4005 2244 4036 .....
2259 3963 2430 4037 male,

318 4064 437 4121 135
466 4072 639 4139 atque
662 4060 803 4119 edit.
832 4060 1032 4122 Germ.

394 4158 454 4214 ln.
488 4158 668 4232 Regni
693 4156 909 4213 12710.
945 4184 1026 4201 —-
1049 4158 1109 4215 5.
1137 4156 1374 4211 Fossam
1404 4156 1542 4211 135.

394 4252 453 4308 6.
484 4250 760 4324 Radulfus
782 4252 1153 4321 Baujacensis
1175 4248 1395 4306 12710.
1412 4250 1565 4305 -7.
1598 4247 1761 4302 Μίνω
1790 4242 1942 4301 idem
1967 4240 2102 4301 cod.
