3275 5317
967 530 1089 588 vm
1126 532 1229 587 DE
1266 529 1491 589 Loms
1526 530 1623 588 LE
1663 530 1878 591 Gnos.
2363 535 2476 591 1123

365 660 687 753 abbates,
720 676 793 733 et
804 659 959 734 mul
967 676 1075 733 tos
1092 658 1417 733 Ecclesiae
1434 659 1837 734 sacerdotes
1853 688 1874 752 ;
1907 662 2182 758 quaerit,
2213 663 2478 759 rejecto

364 776 643 876 pudore
663 778 891 868 omni,
919 776 1018 849 ob
1042 777 1517 851 reverentiam
1537 777 1940 849 Divinitatis
1965 792 2041 850 et
2065 792 2478 851 sanctorum

366 892 825 987 Angelorum,
879 918 1122 965 coram
1168 892 1621 965 devotissime
1684 891 2014 964 confiteri
2062 907 2132 964 et
2177 894 2476 967 securis-

361 1008 553 1079 simo
601 1007 958 1080 Dominici
1007 1006 1323 1106 corporis
1374 1022 1450 1079 et
1495 1008 1854 1103 sanguinis
1896 1007 2157 1080 viatico
2209 1009 2478 1081 exitum

362 1148 579 1197 suum
620 1126 908 1198 muniri.
948 1126 1272 1221 Cumque
1320 1123 1632 1223 idipsum
1695 1148 2084 1223 praeparare
2109 1123 2474 1218 festinant,

361 1265 488 1312 rex
514 1240 662 1337 ipse
697 1240 1063 1338 inopinate
1094 1265 1168 1312 se
1195 1240 1437 1313 levans
1468 1255 1539 1312 et
1572 1264 2002 1340 praeparanS,
2042 1242 2334 1314 vestitus
2365 1265 2479 1313 ca-

361 1377 666 1447 meram,
711 1357 985 1429 cunctis
1030 1356 1577 1447 admirantibuS,
1638 1356 1930 1429 obviam
1981 1357 2270 1455 corpori
2313 1362 2472 1429 Jesu

362 1470 621 1545 Christi
648 1475 814 1565 exit,
838 1472 1337 1547 devotissimus
1354 1473 1637 1547 assistit.
1667 1472 1833 1565 Ubi,
1865 1472 2274 1545 videntibus
2299 1498 2474 1547 cun-

362 1588 493 1659 ctis
541 1603 690 1661 tam
746 1586 1017 1660 clericis
1065 1612 1281 1686 quam
1330 1587 1552 1679 laicis,
1599 1611 1842 1684 regem
1873 1611 2135 1661 exuens
2178 1613 2476 1685 regnum

361 1700 685 1801 deponit,
729 1702 1099 1801 peccando
1142 1728 1441 1799 regnum
1483 1701 2014 1777 administrasse
2061 1702 2471 1796 confitetur,

358 1817 589 1891 filium
642 1844 852 1892 suum
906 1818 1351 1892 Ludovicum
1411 1818 1680 1891 annulo
1729 1820 2040 1911 investit,
2101 1820 2473 1893 ecclesiam

356 1934 519 2025 Dei,
569 1958 913 2035 pauperes
956 1951 1028 2008 et
1058 1935 1425 2033 orphanos
1454 1936 1669 2026 tueri,
1698 1934 1816 2031 jus
1847 1960 2058 2006 suum
2091 1936 2472 2033 unicuique

359 2048 747 2140 custodire,
802 2050 1163 2123 neminem
1194 2051 1269 2121 in
1314 2050 1511 2125 curia
1560 2074 1685 2121 sua
1719 2074 1998 2147 capere,
2027 2051 2086 2121 si
2117 2074 2265 2122 non
2292 2075 2470 2149 prae·

360 2164 746 2237 sentialiter
773 2164 1047 2238 ibidem
1080 2165 1466 2264 delinquat,
1506 2164 1654 2241 fide
1710 2164 2005 2261 obligat.
2065 2163 2202 2238 Ubi
2257 2166 2470 2237 etiam

356 2305 614 2352 aurum
650 2295 722 2353 et
750 2296 1144 2377 argentum
1194 2298 1267 2355 et
1313 2307 1479 2355 vasa
1506 2279 2092 2380 concupiscibilia
2138 2295 2210 2352 et
2261 2280 2473 2379 pallia

355 2409 425 2467 et
456 2394 772 2493 palliatas
802 2397 1163 2487 culcitraS,
1202 2410 1275 2467 et
1304 2421 1521 2469 omne
1551 2394 1823 2467 mobile
1851 2394 2046 2491 quod
2069 2394 2474 2493 possidebat

350 2526 423 2584 et
452 2537 601 2609 quo
635 2513 702 2584 ei
735 2513 1207 2602 serviebatur,
1246 2511 1557 2585 ecclesiis
1582 2528 1654 2583 et
1679 2510 2114 2609 pauperibus
2131 2525 2206 2583 et
2237 2513 2471 2609 egenis

350 2652 489 2727 pro
548 2650 799 2699 amore
839 2629 976 2699 Dei
1008 2627 1473 2715 distribuenS,
1503 2652 1637 2700 nec
1670 2625 2148 2699 chlamidibus
2199 2652 2334 2699 nec
2363 2653 2472 2700 re-

354 2743 487 2839 giis
541 2741 979 2814 indumentis
1020 2767 1251 2839 usque
1282 2742 1374 2814 ad
1415 2743 1778 2816 camisiam
1824 2744 2168 2842 pepercit.
2215 2744 2467 2843 Capel-

352 2857 499 2929 lam
540 2871 786 2931 autem
826 2880 1028 2931 suam
1079 2858 1489 2957 pretiosam,
1516 2898 1521 2905 ·
1552 2873 1825 2931 textum
1878 2858 2468 2958 pretiosissimum

348 2998 529 3047 auro
560 2986 635 3045 et
659 2975 985 3069 gemmiS,
1024 2973 1477 3048 thuribulum
1508 3000 1808 3048 aureum
1840 2974 2310 3075 quadraginta
2339 3000 2469 3047 un-

350 3088 657 3179 ciarum,
704 3087 1127 3161 candelabra
1167 3105 1459 3161 centum
1490 3091 1847 3185 sexaginta
1877 3092 2032 3163 auri
2057 3090 2459 3179 unciarum,

348 3203 648 3276 calicem
682 3229 858 3275 auro
924 3220 998 3277 et
1046 3206 1575 3303 pretiosissimis
1630 3208 1931 3301 gemmis
1992 3207 2462 3296 carissimum,

348 3340 609 3417 cappas
648 3318 741 3392 de
790 3318 1002 3419 pallio
1051 3321 1401 3419 pretiosas
1438 3320 1716 3415 decem,
1751 3322 2340 3420 pretiosissimum
2366 3320 2466 3414 ja-

347 3434 696 3529 cynthum
718 3439 971 3508 atavae²
997 3436 1180 3531 regis
1204 3436 1698 3509 Ruthenorum
1726 3437 1916 3530 filiae,
1962 3436 2188 3534 quod¹
2219 3436 2311 3506 de
2337 3457 2466 3505 sua

346 3549 423 3620 in
472 3574 691 3622 manu
730 3565 973 3624 nostra
1024 3548 1372 3643 reddens,
1417 3565 1499 3624 ut
1545 3576 1830 3625 coronae
1875 3554 2130 3651 spineae
2173 3546 2470 3622 Domini

348 3664 765 3762 infigeretur
788 3666 1149 3764 praecepit,
1184 3668 1443 3739 sanctis
1470 3667 1899 3765 Martyribus
1923 3689 2055 3765 per
2087 3687 2220 3737 nos
2249 3662 2467 3735 desti-

350 3782 575 3873 navit,
608 3796 681 3854 et
721 3783 779 3853 si
806 3806 1264 3879 quocumque
1296 3781 1517 3855 modo
1561 3781 1900 3879 subsequi
1937 3793 2202 3878 posset,
2250 3778 2466 3853 devo-

430 4068 490 4126 1.
524 4068 615 4125 Ita
647 4065 821 4128 codd.
864 4085 1063 4127 omnes
1098 4087 1167 4127 ac
1202 4065 1343 4127 edit.
1377 4065 1672 4127 Benedict.
1717 4098 1798 4114 -
1836 4070 2037 4125 Atanae
2081 4064 2222 4127 edit.
2259 4066 2457 4127 Germ.

346 4188 430 4207 —
450 4163 627 4221 Anna
649 4160 790 4224 edit.
816 4160 1031 4223 Chesn.

428 4256 491 4316 2.
524 4257 706 4328 Quod,
736 4274 846 4333 pro
872 4274 1059 4333 quem,
1088 4272 1288 4314 omnes
1315 4252 1545 4313 codices
1570 4266 1629 4314 et
1651 4252 1955 4314 editiones.
