3275 5317
857 404 972 457 394
1290 400 1619 459 OEUVRES
1661 400 2087 457 COMPLETES
2123 396 2222 455 DE
2263 398 2528 456 SUGER.

856 532 1573 604 amministrationem
1632 544 1706 601 et
1745 554 1996 601 curam
2045 531 2404 628 suscipere
2435 528 2933 629 compulerunt.

854 652 1091 735 Quam
1152 646 1269 717 ille
1315 645 1760 743 dignitatem,
1805 644 1975 741 quia
2026 669 2212 716 onus
2253 669 2406 717 esse
2460 646 2698 743 potius
2749 670 2941 741 quam

853 764 1205 835 honorem
1228 759 1627 858 judicabat,
1663 775 2014 857 quantum
2047 760 2150 832 fas
2199 759 2360 849 fuit,
2395 762 2789 851 recusavit3
2831 786 2944 832 nee

855 878 947 949 ad
982 875 1509 974 suscipiendum
1536 876 1836 947 omnino
1855 876 2242 963 consensit,
2270 874 2506 947 donec
2535 875 2628 947 ab
2653 876 2944 971 Eugeuio

856 1014 1065 1091 papa,
1088 990 1212 1087 qui
1239 989 1670 1088 profectioni
1701 990 1912 1085 regiae
1929 1012 2238 1087 praesens
2257 990 2489 1079 affuit,
2505 992 2624 1061 cui
2649 992 2943 1062 resistere

854 1129 990 1177 nec
1010 1104 1111 1177 fas
1138 1105 1275 1177 fuit
1300 1128 1435 1177 nec
1476 1102 1840 1202 possibile,
1880 1105 2176 1176 tandem
2209 1120 2498 1178 coactus
2534 1121 2665 1179 est.
2707 1111 2944 1177 Verum

856 1245 1071 1292 nemo
1104 1221 1401 1291 aestimet
1431 1219 1656 1316 ipsius
1685 1216 2054 1291 voluntate
2085 1220 2200 1291 vel
2237 1220 2538 1292 consilio
2561 1244 2804 1315 regem
2827 1221 2942 1292 iter

852 1335 1445 1433 peregrinationis
1471 1357 1902 1430 aggressum,
1927 1336 2004 1405 in
2034 1358 2208 1433 quo,
2233 1333 2398 1407 licet
2423 1336 2521 1407 illi
2543 1334 2755 1431 longe
2771 1336 2944 1407 aliter

854 1474 1073 1547 quam
1096 1448 1427 1545 sperabat
1454 1450 1890 1539 successerit,
1923 1450 2047 1546 pio
2071 1463 2310 1521 tamen
2339 1448 2696 1522 desiderio
2727 1475 2809 1524 ac
2833 1452 2942 1522 Dei

853 1565 1007 1637 zelo
1037 1563 1218 1636 illud
1250 1564 1572 1662 arripuit.
1601 1568 1826 1635 Porro
1855 1564 2198 1661 providus
2231 1565 2350 1637 hic
2378 1580 2449 1637 et
2494 1567 2826 1664 praescius
2855 1566 2944 1637 fu·

854 1698 1185 1753 turorum
1226 1704 1363 1752 nec
1411 1678 1597 1751 illud
1649 1680 1960 1777 principi
2019 1682 2384 1776 suggessit,
2440 1706 2577 1753 nec
2643 1682 2942 1754 auditum

850 1794 1303 1893 approbavit.
1337 1795 1529 1881 Quin
1558 1796 1823 1891 potius,
1859 1818 2029 1865 cum
2066 1796 2255 1867 inter
2283 1797 2436 1893 ipsa
2469 1798 2716 1867 statim
2751 1798 2941 1886 initia,

852 1908 1141 1981 obviare
1174 1908 1437 1980 frustra
1474 1924 1797 1996 conatuS,
1843 1908 2120 2002 regium
2171 1910 2514 1983 cohibere
2561 1936 2712 1983 non
2739 1926 2946 2009 posset

853 2024 1233 2122 impetum,
1253 2023 1564 2120 tempori
1584 2022 1991 2095 cedendum
2018 2022 2480 2119 adjudicavit,
2506 2050 2599 2098 ne
2627 2026 2743 2098 vel
2771 2028 2950 2121 regia·

852 2139 1217 2210 devotioni
1254 2136 1518 2209 inferre
1568 2138 1936 2211 videretur
1979 2140 2343 2235 injuriam,
2371 2142 2484 2213 vel
2535 2140 2944 2215 fauctorum¹

852 2253 1203 2324 offensam
1237 2250 1581 2323 inutiliter
1606 2254 2024 2326 incurreret.

952 2370 1136 2463 Rege
1163 2368 1378 2462 igitur
1408 2390 1702 2465 peregre
1727 2369 1879 2465 jam
1912 2370 2264 2467 profect0,
2305 2396 2476 2445 cum
2517 2374 2630 2444 vir
2663 2374 2952 2469 egregius

852 2506 1099 2554 rerum
1162 2480 1490 2553 dominio
1554 2466 1933 2579 potiretur,
1994 2502 2342 2583 ceperunt
2394 2485 2782 2561 latrunculi
2847 2514 2952 2586 per

852 2620 1153 2692 regnum
1190 2598 1455 2695 passim
1490 2620 1892 2695 erumpere,
1946 2613 2019 2670 et
2061 2618 2442 2701 conceptas
2473 2601 2602 2675 diu
2637 2604 2952 2675 factiones

852 2708 1175 2806 proferre
1224 2708 1301 2779 in
1344 2705 1766 2805 publicum3
1819 2734 1906 2780 ex
1955 2710 2298 2810 principis
2332 2714 2604 2786 scilicet
2651 2715 2951 2787 absentia

852 2824 1067 2913 nacti,
1099 2836 1182 2893 ut
1218 2821 1356 2894 sibi
1394 2821 1794 2913 videbatur,
1837 2825 2167 2897 saeviendi
2201 2828 2584 2901 licentiam.
2627 2835 2688 2901 E
2717 2832 2952 2927 quibus

852 2937 967 3009 alii
988 2936 1282 3033 quidem
1308 2935 1771 3010 ecclesiarum
1803 2954 1876 3011 et
1901 2964 2304 3041 pauperum
2339 2944 2714 3017 facultates
2735 2960 2952 3043 aperta

854 3049 1290 3149 diripiebant
1320 3052 1685 3145 violentia,
1727 3054 1847 3125 alii
1891 3079 2065 3127 vero
2116 3056 2290 3130 locis
2321 3060 2834 3133 occultioribus
2867 3060 2954 3131 la-

853 3166 1157 3239 trocinia
1200 3166 1650 3240 exercebant.
1689 3171 1766 3238 In
1802 3193 2114 3265 quorum
2162 3172 2510 3245 ultionem
2551 3174 2699 3246 dux
2747 3200 2958 3247 novus

854 3284 1135 3379 gemino
1173 3282 1412 3355 statim
1443 3284 1804 3355 accinctus
1839 3300 1942 3355 est
1975 3286 2238 3380 gladio,
2271 3288 2502 3361 altero
2523 3291 2866 3365 materiali
2897 3304 2958 3362 et

853 3400 1078 3493 regio,
1108 3398 1333 3470 altero
1369 3396 1716 3495 spirituali
1746 3412 1818 3469 et
1851 3400 2353 3494 ecclesiastieO,
2388 3420 2702 3503 utroque
2731 3422 2958 3479 autem

854 3538 896 3584 a
928 3536 1213 3583 summo
1248 3512 1386 3583 sibi
1428 3510 1774 3584 Pontifioe
1813 3511 2154 3586 divinitus
2193 3519 2602 3593 commisso,
2643 3524 2732 3593 In
2771 3522 2960 3593 brevi

856 3628 1093 3723 itaque
1158 3628 1455 3698 istorum
1517 3651 1730 3697 ausus
1794 3631 2208 3702 temerarios
2262 3635 2710 3732 compressit,
2763 3652 2964 3733 atque

855 3740 1145 3813 illorum
1162 3742 1724 3812 machinationes
1743 3766 1964 3814 manu
1987 3743 2220 3818 valida
2240 3748 2514 3844 redegit
2535 3751 2610 3821 in
2631 3752 2954 3824 nihilum.

936 4018 961 4070 1
980 4058 997 4073 .
1026 4013 1119 4072 Sic
1144 4015 1277 4074 cod.
1310 4022 1822 4077 ms.——Faut0rum
1851 4018 1988 4079 edd.
2017 4021 2269 4097 Chesnii,
2299 4022 2536 4087 baronis
2571 4026 2651 4087 de
2679 4028 2894 4089 Altolio
2913 4040 2966 4085 et

856 4102 1155 4165 Felibieni.
1184 4140 1263 4155 --
1290 4115 1653 4181 Fummrum,
1679 4112 1816 4189 apte
1853 4114 2065 4185 minus,
2091 4117 2186 4178 ed.
2215 4117 2510 4178 Benedict-
