3275 5317
830 547 940 603 112
1257 544 1583 601 onuvnsss
1624 528 2038 601 constares
2079 546 2180 601 DE
2221 546 2486 606 suom.

822 675 1075 749 bundo
1129 675 1424 746 fratrum
1469 690 1825 747 conventu
1861 699 1994 747 nos
2046 678 2539 774 suscepissent,
2591 693 2936 773 sequente

825 791 966 881 die,
994 790 1291 863 sabbato
1324 791 1589 863 seilicet
1618 789 1980 877 Medianae,
2015 816 2133 863 me
2169 791 2544 887 indignum
2576 791 2940 865 ordinavit

825 905 1345 1006 presbyterum.
1425 910 1776 1004 Sequente
1834 923 2076 979 autem
2146 908 2506 981 dominica
2571 911 2709 979 Isti
2765 924 2946 979 sunt

824 1022 1017 1112 dies',
1037 1022 1304 1095 ibidem
1319 1037 1483 1095 ante
1502 1024 2048 1097 sacratissimum
2063 1048 2324 1122 corpus
2338 1024 2748 1096 beatissimi*
2763 1028 2936 1097 Dio-

824 1138 1007 1234 nysii
1062 1136 1420 1229 abbatem,
1491 1139 1657 1211 licet
1715 1139 2185 1231 immeritum,
2247 1140 2706 1211 consecravit.
2767 1144 2936 1227 Quo

824 1270 1167 1327 consueto
1203 1255 1333 1326 Dei
1374 1254 1910 1351 omnipotentiae
1961 1254 2170 1343 fact0,
2219 1269 2493 1351 quanto
2525 1252 2616 1327 ab
2652 1254 2800 1325 imo
2839 1254 2936 1326 ad

824 1390 1213 1457 summum,
1256 1364 1344 1435 de
1387 1381 1693 1435 stercore
1741 1367 2016 1463 erigens
2058 1390 2453 1461 pauperem
2473 1368 2520 1457 ⁸,
2566 1379 2646 1436 ut
2685 1362 2939 1437 sedere

826 1506 994 1553 cum
1044 1480 1483 1579 principibus
1534 1479 1818 1571 faceret,
1867 1479 2305 1565 sublimavit,
2359 1495 2555 1552 tanto
2605 1480 2940 1553 humilio—

826 1621 1008 1687 rem,
1036 1610 1106 1667 et
1137 1596 1195 1667 si
1222 1595 1554 1693 fragilitas
1583 1596 1902 1667 humana
1926 1620 2074 1667 non
2103 1594 2469 1693 impediat,
2496 1596 2570 1666 in
2595 1594 2940 1667 omnibus

828 1710 1306 1783 devotiorem*
1322 1726 1741 1783 manustam
1765 1710 2174 1783 dulcissima
2205 1737 2421 1808 quam
2444 1712 2938 1809 potentissima

832 1828 1301 1924 comparavit.
1370 1832 1543 1915 Quae
1601 1851 1770 1898 cum
1829 1828 1901 1897 in
1958 1826 2294 1899 omnibus
2349 1828 2737 1900 clementer
2775 1853 2940 1926 par-

828 1944 1027 2014 vitati
1078 1957 1333 2015 nostrae
1376 1958 1790 2041 prosperata
1841 1943 2049 2014 fuerit
2091 1942 2320 2040 (novit
2385 1944 2577 2015 enim
2652 1943 2934 2015 insuffi-

826 2057 1081 2129 cientia
1109 2062 1132 2095 ⁸
1161 2058 1385 2129 nostri
1426 2072 1569 2129 tam
1602 2058 1872 2153 generis
1903 2082 2118 2155 quam
2147 2058 2512 2156 scientiae),
2568 2060 2756 2130 inter
2802 2084 2932 2129 ane

833 2174 1194 2270 tiquorum
1266 2172 1705 2271 praediorum
1787 2173 2095 2245 ecclesiae
2170 2176 2784 2273 recuperationem
2867 2192 2938 2247 et

829 2312 1185 2359 novorum
1253 2288 1824 2385 acquisitionem,
1896 2302 1967 2359 et
2019 2288 2326 2360 ecclesiae
2378 2289 2933 2386 circumquaque

829 2406 1499 2499 augmentationem,
1541 2419 1614 2475 et
1679 2400 2143 2475 aedificiorum
2208 2404 2726 2475 restitutionem
2787 2405 2937 2475 sive

829 2518 1370 2606 institutionem,
1410 2519 1546 2591 hoc
1574 2518 2059 2617 potissimum‘
2093 2534 2162 2590 et
2191 2518 2935 2614 gratissimum,immo

831 2660 1184 2706 summam
1256 2635 1573 2733 praestitit
1635 2634 2010 2705 miseratus
2079 2634 2610 2731 praerogativam
2636 2688 2654 2725 ,
2735 2634 2930 2733 quod

831 2766 1084 2823 sanctae
1118 2750 1427 2823 ecclesiae
1468 2775 1636 2840 suae,
1664 2749 1756 2821 ad
1789 2763 2224 2843 sanctorum,
2269 2752 2493 2823 immo
2544 2756 2655 2823 sui
2695 2751 2932 2823 hono-

831 2887 1021 2957 rem,
1094 2866 1421 2938 ordinem
1480 2881 1802 2937 sanetum
1873 2863 2141 2936 ibidem
2197 2864 2405 2964 plene
2476 2866 2932 2958 reformavit,

831 2994 1085 3051 sanctae
1114 2980 1469 3075 religionis
1514 2980 1992 3080 propositum,
2025 3004 2173 3077 quo
2191 2984 2212 3020 ⁷
2240 2982 2333 3053 ad
2361 2986 2515 3053 Deo
2549 2980 2934 3055 fruendum

908 3148 963 3207 1.
998 3146 1067 3205 Id
1094 3159 1179 3206 est
1203 3146 1494 3207 dominica
1526 3147 1808 3207 Passionis
1827 3146 2060 3220 Christi,
2085 3148 2411 3228 &responso
2438 3150 2594 3229 quod
2623 3149 2682 3210 in
2703 3170 2936 3231 proces-

832 3237 993 3298 sione
1034 3238 1290 3320 ejusdem
1330 3240 1447 3300 diei
1498 3240 1806 3301 cantabant
1869 3239 1954 3301 sic
1994 3240 2322 3321 designat&
2361 3242 2457 3303 die
2502 3255 2698 3303 autem
2739 3242 2936 3303 martii

832 3330 1170 3392 duodecima
1204 3354 1275 3393 eo
1307 3354 1458 3393 anno
1478 3334 1808 3395 incurrebat
1823 3333 1936 3393 hoe
1957 3334 2185 3397 festum.
2207 3341 2259 3395 A
2275 3336 2577 3417 Vulgrino,
2593 3335 2938 3397 Bituricensi

831 3426 1266 3506 archiepiscopo
1280 3475 1296 3503 ,
1320 3447 1514 3486 coram
1555 3446 1692 3504 rege
1731 3439 1792 3485 et
1823 3427 2208 3508 magnatibus,
2233 3429 2410 3490 abbas
2443 3442 2809 3491 consecratus
2847 3442 2936 3488 est

828 3520 1126 3599 sugerius,
1156 3534 1291 3581 tunc
1320 3542 1498 3582 annos
1523 3529 1589 3584 41
1628 3535 1818 3585 natus.

909 3617 969 3677 2.
995 3620 1169 3674 Beati
1191 3615 1328 3676 edd.
1354 3650 1431 3663 ·-—
1457 3620 1515 3677 3.
1545 3618 1758 3678 Psalm.
1788 3638 1926 3693 cxn,
1958 3620 2019 3680 7.

907 3706 965 3761 4.
998 3702 1091 3763 Sic
1122 3706 1339 3777 12710,
1370 3708 1524 3765 6265
1548 3725 1616 3765 ac
1643 3707 1783 3766 edit.
1811 3706 2104 3767 Benedict.
2144 3740 2218 3755 -
2239 3712 2595 3769 Deuotionem
2627 3706 2726 3769 alii
2755 3709 2932 3769 codd.

828 3804 889 3853 et
914 3794 1051 3858 edd.

911 3894 967 3949 5.
1032 3892 1117 3949 Ita
1144 3891 1318 3952 codd.
1364 3911 1581 3965 omnes,
1616 3892 1872 3973 itemque
1905 3895 2043 3955 edd.
2082 3898 2282 3957 Germ.
2316 3916 2384 3957 ac
2421 3897 2718 3959 Benedict.
2743 3924 2828 3943 --
2865 3900 2934 3957 In

828 3981 923 4043 ed.
974 3980 1180 4042 Chesn.
1240 3988 1723 4062 insufficientiam,
1761 4008 1878 4047 non
1910 3989 2050 4048 vero
2088 3990 2524 4067 sufficientiam,
2561 4002 2628 4051 ut
2678 4002 2937 4053 errantes

830 4086 1091 4134 asserunt
1115 4071 1404 4137 Benedict.
1452 4110 1531 4123 -·-
1549 4084 1607 4139 6.
1646 4082 2094 4139 potentissimum
2121 4086 2338 4144 ¹27¹0.

914 4174 971 4231 7.
1024 4171 1104 4226 Ita
1143 4174 1282 4243 543,
1321 4174 1503 4245 6265,
1531 4183 1706 4251 atque
1745 4172 1888 4235 edit.
1927 4174 2223 4237 Benedict.
2251 4208 2332 4222 —
2375 4180 2557 4252 Quod,
2605 4178 2934 4257 perperam,

830 4258 1038 4341 reliqui
1058 4263 1232 4326 codd.
1258 4276 1317 4325 et
1335 4262 1469 4323 edd.
