3275 5317
1238 592 1583 669 LETI'RES.
2379 602 2494 663 269

388 734 705 808 fidelium
750 734 823 805 in
863 731 1041 804 urbe
1091 732 1525 804 Antiochena
1565 731 2118 822 obsessionem¹,
2165 758 2249 805 ex
2280 734 2495 808 literis

389 875 545 948 quae
578 874 619 921 a
652 848 975 947 partibus
1010 847 1145 919 illis
1185 847 1433 920 delatae
1484 864 1674 939 sunt,
1726 848 2218 943 cognovimuS,
2267 864 2338 921 et
2392 848 2486 921 ad

387 991 595 1038 aures
618 979 879 1036 vestras
902 964 1307 1061 pervenisse
1332 989 1479 1036 non
1500 963 1950 1059 ambigimus,
1972 964 2148 1036 Inde
2175 978 2279 1037 est
2298 963 2496 1060 quod

390 1079 913 1178 archiepiscopi
953 1095 1026 1151 et
1070 1079 1411 1178 episcopi,
1444 1081 1618 1177 quin
1656 1081 1871 1152 etiam
1919 1079 2252 1152 dominus
2276 1102 2400 1151 rex
2426 1093 2500 1150 et

390 1196 586 1293 regni
612 1196 1022 1293 optimateS,
1066 1208 1137 1266 et
1178 1220 1312 1265 nos
1354 1220 1565 1293 super
1608 1196 1754 1267 hoc
1798 1195 2123 1267 Lauduni
2162 1193 2500 1266 conveni-

391 1337 587 1403 mus3
627 1325 701 1381 et
738 1334 961 1407 usque
1006 1308 1189 1381 adeo
1228 1335 1343 1382 res
1387 1311 1754 1408 processit,
1799 1310 1997 1408 quod
2045 1308 2502 1408 quindecimo

393 1429 508 1501 die
539 1441 703 1526 post
740 1441 1025 1497 octavas
1064 1426 1379 1497 Pasehae·
1420 1427 1712 1497 Carnoti
1746 1424 2162 1521 generaliter
2189 1449 2500 1497 conven—

395 1558 549 1615 tum
584 1539 945 1615 celebrare
976 1564 1188 1638 super
1224 1539 1363 1613 hac
1394 1566 1631 1632 causa,
1679 1555 1751 1613 et
1787 1540 2176 1612 multarum
2213 1540 2500 1639 provin-

394 1658 664 1730 ciarum
689 1655 1258 1753 archiepiscopos
1266 1711 1284 1748 ,
1323 1658 1721 1755 episcopm,
1759 1655 2054 1728 abbates
2079 1679 2497 1747 convocare,

394 1788 469 1845 et
510 1796 643 1871 pro
665 1771 886 1843 domo
920 1771 1051 1842 Dei
1074 1794 1366 1842 murum
1394 1796 1528 1843 nos
1564 1795 1956 1870 opponere,
1995 1785 2338 1867 tantoque
2377 1769 2506 1842 do-

397 1888 533 1960 lori
570 1911 753 1985 pene
783 1886 1273 1959 inconsolabili
1310 1886 1632 1959 consulte
1675 1885 2074 1985 providere,
2109 1901 2182 1958 et
2206 1910 2296 1957 ne
2331 1884 2508 1957 fides

400 2002 491 2074 ab
534 2002 669 2074 illis
708 2003 1191 2075 sacratissimis
1240 2003 1416 2074 locis
1460 2005 1974 2076 exterminetur
2016 2028 2058 2074 a
2107 2002 2371 2099 quibus
2414 2000 2508 2073 ad

400 2142 531 2189 nos
553 2117 925 2216 deportata
957 2130 1089 2207 est,
1118 2117 1247 2187 Dei
1276 2117 1758 2189 misericordia
1781 2116 2227 2217 praecedente
2257 2130 2330 2187 et
2351 2114 2510 2187 sub-

402 2247 763 2329 sequente,
792 2231 1289 2303 omnimodam
1315 2256 1607 2330 operam
1630 2232 1978 2305 adhibere
2002 2231 2504 2330 disposuimus.

403 2352 491 2419 Et
532 2351 698 2446 quia
738 2348 1107 2447 praesentia
1156 2363 1389 2419 vestra
1438 2348 1607 2419 huic
1640 2363 1840 2420 tanto
1883 2348 2087 2446 operi
2121 2345 2508 2445 plurimum

402 2478 584 2536 esset
613 2464 1031 2555 necessaria,
1056 2488 1141 2533 ex
1173 2478 1373 2561 parte
1401 2464 1557 2553 Dei,
1590 2464 1792 2559 cujus
1815 2478 1922 2535 est
1943 2485 2178 2553 causa,
2207 2486 2341 2560 pro
2365 2485 2511 2558 quo

406 2593 477 2651 et
520 2580 595 2650 in
634 2603 994 2650 carcerem
1038 2592 1111 2648 et
1152 2578 1226 2648 in
1263 2592 1575 2649 mortem
1612 2578 1715 2649 ire
1750 2602 2035 2677 semper
2077 2578 2309 2676 parati
2364 2600 2515 2647 esse

407 2693 781 2785 debemm,
813 2719 899 2766 ex
921 2693 1621 2792 archiepiscoporum
1654 2707 1724 2765 et
1753 2695 2250 2793 episcoporum
2277 2706 2502 2791 parte,

407 2810 535 2907 qui
586 2810 772 2880 hanc
818 2808 1027 2881 nobis
1077 2808 1683 2882 submonitionem
1745 2810 2234 2907 injunxerunt,
2299 2822 2372 2880 et
2428 2832 2512 2879 ex

410 2937 680 3017 nostra,
724 2920 1214 3017 celsitudinem
1244 2938 1557 2994 vestram
1592 2922 1885 3020 praefato
1920 2922 2227 2993 termino
2255 2933 2326 2990 et
2353 2919 2512 2991 loco

404 3038 577 3112 huic
605 3054 750 3110 tam
791 3036 1072 3133 egregio
1103 3036 1294 3109 facto
1330 3036 1669 3109 interesse
1704 3052 1777 3110 et
1817 3036 2197 3108 invitamus
2233 3049 2305 3107 et
2342 3032 2513 3105 sub-

408 3177 785 3227 monemus
813 3167 886 3225 et
916 3152 1329 3251 suppliciter
1357 3152 1850 3249 efflagitamus.
1875 3155 2250 3243 Caeterum,
2278 3165 2360 3222 ut
2384 3148 2516 3221 has

406 3270 578 3343 alias
617 3270 854 3342 literas
879 3267 1178 3340 domino
1207 3268 1665 3364 Lugdunensi
1698 3268 2028 3341 citissime
2053 3266 2394 3361 dirigatis,
2424 3287 2517 3334 ne

410 3412 493 3459 ex
536 3410 739 3458 mora
771 3383 1220 3456 occasionem
1256 3408 1402 3455 non
1437 3384 1768 3457 veniendi
1800 3382 2084 3473 habeat,
2113 3380 2508 3475 rogamus⁸.

490 3581 550 3636 1.
580 3576 668 3637 cf.
699 3574 977 3636 willelm.
1004 3576 1173 3653 Tyr„
1204 3573 1518 3649 lib.xvn‚
1547 3593 1676 3653 cap.
1711 3578 1773 3648 9,
1819 3586 1878 3633 et
1900 3572 2120 3631 litteras
2143 3566 2388 3647 dapiferi
2410 3566 2520 3626 mi-

407 3670 544 3729 litiae
564 3668 789 3748 Templi
809 3669 884 3727 ad
907 3668 1225 3726 Ebrardum
1251 3670 1354 3726 des
1376 3674 1607 3743 Bam-es,
1633 3666 1890 3747 ejusdem
1913 3664 2128 3724 militiae
2159 3661 2514 3741 magistrum,

407 3764 471 3824 in
502 3766 801 3841 spicileg„
827 3765 935 3836 111,
967 3764 1105 3821 501.

487 3862 549 3920 2.
580 3862 719 3917 Haec
743 3855 890 3932 dies,
915 3876 1069 3916 anno
1096 3860 1277 3928 1150,
1306 3868 1433 3915 erat
1466 3854 1604 3916 maii
1627 3866 1853 3915 octava.

492 3958 551 4013 3.
596 3954 683 4009 Ex
723 3952 858 4008 Rer.
891 3948 1499 4026 gallic.scriptoribus‚
1544 3951 1676 4022 XV,
1729 3948 1868 4005 523.
1901 3974 1976 3990 —
2019 3942 2290 4003 Biblioth.
2326 3943 2520 4015 Clam,

412 4045 525 4107 col.
554 4046 701 4116 9183
733 4041 884 4101 inter
910 4042 1080 4123 epist.
1112 4040 1268 4101 Petri
1287 4044 1524 4117 Vener„
1547 4040 1653 4103 lib.
1673 4042 1773 4113 vl,
1793 4059 1886 4118 ep.
1909 4034 2272 4112 19.—Quid
2298 4032 2360 4093 in
2383 4052 2530 4093 con-

413 4124 952 4198 ventu'Carnotensi
986 4146 1177 4193 actum
1214 4134 1286 4193 sit
1322 4133 1490 4193 docet
1526 4133 1599 4194 fr.
1632 4130 1979 4205 Willelmus,
2014 4130 2074 4189 in
2116 4128 2338 4207 Sugerii
2373 4126 2526 4200 VitA,

414 4229 586 4301 infra,
610 4226 712 4288 lib.
735 4230 844 4290 111.
890 4228 979 4289 Cf.
1014 4224 1255 4305 Eugenii
1280 4244 1442 4305 papae
1486 4224 1726 4301 littera,
1769 4224 1830 4285 in
1870 4226 2076 4283 Rerum
2113 4226 2258 4301 gall.
2302 4227 2528 4297 script„

415 4324 547 4397 XV,
588 4325 727 4383 454.
