3275 5317
890 596 1027 655 -VIE
1068 597 1165 651 DE
1204 596 1423 653 LOUIS
1464 595 1555 653 LE
1598 595 1809 653 GROS.
2319 602 2434 659 103

322 752 681 803 summam
708 742 881 800 rotae
905 728 1449 826 prosperitatem
1478 727 1718 799 subito
1741 726 2109 800 reducitur
2127 756 2146 819 3
2167 756 2336 803 cum
2368 748 2440 806 et

322 846 610 917 altiores
629 844 1066 936 turbatoreS,
1096 844 1337 943 potius
1366 868 1581 916 manu
1602 844 1847 916 divina
1870 869 2089 942 quam
2123 872 2274 937 sua,
2313 863 2439 921 aut

321 985 655 1061 supreme
698 958 1057 1032 declinant
1100 976 1227 1033 aut
1275 960 1571 1032 omnino
1629 959 2004 1051 deficiunt,
2059 962 2241 1033 sicut
2289 962 2437 1060 ipsa

318 1078 669 1150 Divinitas
718 1076 1087 1148 consuevit
1134 1076 1285 1172 jam
1336 1100 1523 1174 pene
1570 1075 1960 1174 desperatis
2004 1092 2078 1149 et
2121 1077 2440 1152 humano

317 1192 584 1265 auxilio
611 1190 964 1263 destitutis
988 1188 1487 1263 misericordiae
1502 1189 1868 1262 dexteram
1881 1190 2441 1265 misericorditer

318 1306 727 1381 extendere.
790 1310 1047 1381 Comes
1098 1305 1453 1403 siquidem
1518 1305 1965 1379 Flandrensis
2023 1306 2434 1401 BalduinuS,

317 1422 521 1520 cujus
559 1423 967 1519 gravissima
998 1422 1449 1494 infestatione
1483 1424 1790 1517 graviter
1818 1420 2012 1495 idem
2052 1448 2176 1495 rex
2218 1424 2436 1496 infes-

318 1538 630 1631 tabatur,
672 1538 921 1637 saepius
966 1538 1041 1610 in
1088 1540 1597 1611 Normanniam
1628 1538 1932 1630 irruens,
1971 1564 2138 1611 cum
2177 1538 2268 1612 ad
2312 1540 2437 1612 de-

316 1652 736 1727 bellandum
798 1656 1031 1726 Oense
1086 1652 1452 1726 castellum
1501 1668 1575 1726 et
1622 1654 2057 1727 maritimam
2103 1653 2440 1729 viciniam

316 1770 563 1843 animo
599 1770 889 1843 effrenis
927 1768 1195 1843 militiae
1225 1784 1540 1859 vacaret,
1598 1769 1836 1843 subito
1855 1826 1871 1857 ,
1899 1769 2026 1841 sed
2063 1794 2228 1843 raro
2257 1770 2432 1863 ictu,

315 1888 397 1960 in
430 1887 613 1959 facie
646 1886 889 1959 lancea
922 1910 1323 1985 percussuS,
1360 1885 1784 1981 dedignatus
1815 1886 2080 1959 tantilla
2111 1885 2249 1958 sibi
2275 1911 2440 1984 pro-
2489 1978 2512 1992 .

314 2004 563 2077 videre
596 2002 823 2101 plaga,
862 2002 1049 2074 mori
1080 2027 1230 2075 non
1274 2000 1720 2099 dedignatus,
1773 2027 1921 2073 non
1964 2017 2245 2075 tantum
2289 2002 2442 2097 reffl'

320 2116 611 2213 Angliae,
650 2118 769 2189 sed
796 2118 1135 2189 omnibus
1169 2118 1527 2216 deincep5‚
1558 2116 1779 2189 finem
1815 2115 2104 2203 faciens,
2145 2141 2441 2213 parcere

320 2233 553 2329 elegit.
598 2232 923 2305 Praefatus
957 2234 1229 2331 itaque¹
1266 2236 1764 2327 Engerrannus
1799 2231 1890 2302 de
1921 2231 2139 2305 Calvo
2169 2236 2438 2321 Monte,

316 2348 431 2420 vir
454 2348 964 2423 audacissimus
1005 2362 1077 2418 et
1106 2346 1429 2443 ejusdem
1453 2347 1637 2441 regis
1662 2346 2034 2417 infestator
2059 2368 2446 2443 praesump-

316 2478 597 2556 tuosus,
638 2472 806 2537 cum
858 2463 1085 2535 beatae
1131 2461 1359 2532 Mariae
1420 2462 1663 2533 matris
1713 2460 2006 2532 Domini
2063 2456 2445 2532 Rofiioma-

316 2580 551 2675 gensis
598 2578 1251 2675 archiepiscopatus
1310 2589 1573 2646 terram
1636 2574 2082 2645 destructum
2144 2574 2232 2645 iri
2294 2600 2442 2646 non

317 2692 809 2781 obhorreret¹,
828 2692 1244 2787 gravissimo
1269 2704 1502 2762 tactus
1519 2689 1803 2779 morbo,
1823 2705 1986 2788 post
2017 2689 2306 2784 longam
2333 2694 2440 2763 sui

318 2806 895 2901 exagitationem,
941 2820 1107 2907 post
1146 2806 1437 2902 longam
1478 2822 1549 2877 et
1593 2803 2125 2877 intolerabilem
2169 2806 2442 2903 proprii

315 2923 653 3021 corporis
706 2923 1033 2995 meritam
1086 2922 1512 3013 molestiam,
1566 2922 1746 3019 quid
1791 2924 2046 3018 reginae
2095 2922 2443 2994 coelorum

316 3036 671 3109 debeatur
728 3037 895 3109 licet
936 3062 1097 3109 sero
1145 3030 1543 3127 addiscens,
1606 3038 1752 3109 vita
1802 3038 2125 3110 decessit.
2185 3040 2444 3109 Comes

316 3154 540 3225 etiam
567 3153 1086 3250 Andegavensis
1118 3152 1361 3241 FulcO,
1402 3178 1571 3225 cum
1606 3170 1678 3224 et
1705 3152 2001 3251 proprio
2023 3152 2350 3224 hominio
2372 3168 2445 3225 et

316 3267 569 3339 multis
599 3270 1083 3359 sacramentis,
1120 3268 1461 3344 obsidum
1493 3270 1708 3339 etiam
1740 3266 2262 3366 multiplicitate
2293 3268 2444 3361 regi

318 3384 688 3457 Ludovico
721 3384 1250 3458 confoederatus
1277 3398 1483 3473 esset,
1514 3384 1884 3455 avaritiam
1921 3382 2250 3455 fidelitati
2271 3405 2448 3478 prae-

317 3524 632 3598 ponens,
678 3500 1084 3572 inconsulto
1124 3526 1329 3596 rege,
1370 3500 1671 3599 perfidia
1715 3501 2096 3571 infamatus
2125 3499 2174 3587 ⁸,
2217 3494 2437 3567 filiam

320 3640 531 3687 suam
562 3617 743 3711 regis
776 3616 1049 3711 Anglici
1076 3614 1227 3687 filio
1259 3615 1643 3687 Guillelmo
1661 3616 1684 3654 ⁸
1714 3614 1971 3713 nuptui
2008 3610 2329 3701 tradidit,
2372 3625 2445 3682 et

408 3851 466 3906 1.
497 3849 695 3907 Etiam
722 3847 941 3904 12710.

408 3942 469 3997 2.
500 3938 839 3997 Abhorret-et
862 3938 1082 4013 12710,
1112 3938 1292 4012 6265,
1318 3949 1491 4015 atque
1520 3938 1615 3997 ed.
1646 3937 1845 3995 Germ.

412 4040 471 4093 3.
502 4033 597 4093 Sic
640 4036 779 4105 543,
812 4034 1032 4105 12710,
1071 4034 1251 4105 ⁵925,
1295 4044 1355 4092 et
1399 4030 1538 4091 edit.
1596 4027 1889 4091 Benedict.
1925 4062 2001 4077 —
2051 4028 2451 4102 Inflammata-5

326 4126 537 4205 reliqui
559 4126 729 4185 codd.
769 4136 827 4185 et
860 4126 995 4186 edd.

410 4224 470 4278 1..
504 4223 778 4278 Guilelmo
820 4222 961 4281 543.
990 4252 1071 4267 -
1100 4224 1189 4282 W
1188 4222 1403 4279 illermo
1449 4220 1670 4278 12710.
1703 4250 1776 4264 --
1819 4220 2124 4277 Guillermo
2161 4215 2342 4276 6265.
2369 4246 2447 4260 —

326 4312 486 4373 Alias
512 4316 831 4372 Guillelmo.
