<?xml version="1.0" encoding="UTF-8"?>
<!DOCTYPE html PUBLIC "-//W3C//DTD XHTML 1.0 Transitional//EN"
    "http://www.w3.org/TR/xhtml1/DTD/xhtml1-transitional.dtd">
<html xmlns="http://www.w3.org/1999/xhtml" xml:lang="en" lang="en">
 <head>
  <title>
</title>
<meta http-equiv="Content-Type" content="text/html;charset=utf-8" />
  <meta name='ocr-system' content='tesseract 3.04.00' />
  <meta name='ocr-capabilities' content='ocr_page ocr_carea ocr_par ocr_line ocrx_word'/>
</head>
<body>
  <div class='ocr_page' id='page_1' title='image "./oeuvrescompltes00marcgoog_0149.png"; bbox 0 0 3275 5317; ppageno 0'>
   <div class='ocr_carea' id='block_1_1' title="bbox 830 567 2512 647">
    <p class='ocr_par' dir='ltr' id='par_1_1' title="bbox 830 567 2512 647">
     <span class='ocr_line' id='line_1_1' title="bbox 830 567 2512 647; baseline -0.005 0"><span class='ocrx_word' id='word_1_1' title='bbox 830 591 945 647; x_wconf 79' lang='lat'><strong>116</strong></span> <span class='ocrx_word' id='word_1_2' title='bbox 1268 586 1597 644; x_wconf 66' lang='lat' dir='ltr'><strong>OEuvmss</strong></span> <span class='ocrx_word' id='word_1_3' title='bbox 1636 567 2063 643; x_wconf 66' lang='lat' dir='ltr'><strong>compm&#39;rsss</strong></span> <span class='ocrx_word' id='word_1_4' title='bbox 2105 585 2204 640; x_wconf 82' lang='lat' dir='ltr'><strong>DE</strong></span> <span class='ocrx_word' id='word_1_5' title='bbox 2246 584 2512 641; x_wconf 70' lang='lat' dir='ltr'><strong>suom.</strong></span> 
     </span>
    </p>
   </div>
   <div class='ocr_carea' id='block_1_2' title="bbox 820 713 2934 3820">
    <p class='ocr_par' dir='ltr' id='par_1_2' title="bbox 820 713 2934 3820">
     <span class='ocr_line' id='line_1_2' title="bbox 826 713 2932 813; baseline -0.003 -21"><span class='ocrx_word' id='word_1_6' title='bbox 826 738 895 792; x_wconf 85' lang='lat' dir='ltr'><strong>et</strong></span> <span class='ocrx_word' id='word_1_7' title='bbox 943 720 1344 791; x_wconf 87' lang='lat' dir='ltr'><strong>multorum</strong></span> <span class='ocrx_word' id='word_1_8' title='bbox 1392 717 1730 788; x_wconf 78' lang='lat' dir='ltr'>relatione</span> <span class='ocrx_word' id='word_1_9' title='bbox 1777 731 1847 787; x_wconf 87' lang='lat' dir='ltr'><strong>et</strong></span> <span class='ocrx_word' id='word_1_10' title='bbox 1890 713 2142 788; x_wconf 85' lang='lat' dir='ltr'><strong>crebro</strong></span> <span class='ocrx_word' id='word_1_11' title='bbox 2192 730 2621 810; x_wconf 84' lang='lat' dir='ltr'><strong>cognoverat</strong></span> <span class='ocrx_word' id='word_1_12' title='bbox 2663 716 2932 813; x_wconf 81' lang='lat' dir='ltr'><strong>experi-</strong></span> 
     </span>
     <span class='ocr_line' id='line_1_3' title="bbox 824 829 2934 929; baseline -0.002 -22"><span class='ocrx_word' id='word_1_13' title='bbox 824 850 1098 927; x_wconf 87' lang='lat' dir='ltr'><strong>mento,</strong></span> <span class='ocrx_word' id='word_1_14' title='bbox 1133 832 1223 904; x_wconf 89' lang='lat' dir='ltr'><strong>ad</strong></span> <span class='ocrx_word' id='word_1_15' title='bbox 1253 857 1421 905; x_wconf 90' lang='lat' dir='ltr'><strong>eum</strong></span> <span class='ocrx_word' id='word_1_16' title='bbox 1471 832 1833 923; x_wconf 75' lang='lat' dir='ltr'><strong>festinam,</strong></span> <span class='ocrx_word' id='word_1_17' title='bbox 1869 846 2012 903; x_wconf 90' lang='lat' dir='ltr'><strong>tam</strong></span> <span class='ocrx_word' id='word_1_18' title='bbox 2045 829 2379 929; x_wconf 83' lang='lat' dir='ltr'><strong>precibus</strong></span> <span class='ocrx_word' id='word_1_19' title='bbox 2415 854 2630 927; x_wconf 88' lang='lat' dir='ltr'><strong>quam</strong></span> <span class='ocrx_word' id='word_1_20' title='bbox 2663 830 2934 903; x_wconf 85' lang='lat' dir='ltr'><strong>benefi-</strong></span> 
     </span>
     <span class='ocr_line' id='line_1_4' title="bbox 828 946 2924 1049; baseline -0.003 -26"><span class='ocrx_word' id='word_1_21' title='bbox 828 951 955 1023; x_wconf 89' lang='lat' dir='ltr'><strong>ciis</strong></span> <span class='ocrx_word' id='word_1_22' title='bbox 1010 948 1566 1049; x_wconf 84' lang='lat' dir='ltr'><strong>praecordialiter</strong></span> <span class='ocrx_word' id='word_1_23' title='bbox 1606 948 1838 1047; x_wconf 89' lang='lat' dir='ltr'><strong>pulsat</strong></span> <span class='ocrx_word' id='word_1_24' title='bbox 1893 960 1976 1019; x_wconf 91' lang='lat' dir='ltr'><strong>ut</strong></span> <span class='ocrx_word' id='word_1_25' title='bbox 2034 971 2334 1043; x_wconf 88' lang='lat' dir='ltr'><strong>regnum</strong></span> <span class='ocrx_word' id='word_1_26' title='bbox 2373 946 2733 1038; x_wconf 82' lang='lat' dir='ltr'><strong>defendat,</strong></span> <span class='ocrx_word' id='word_1_27' title='bbox 2775 970 2924 1045; x_wconf 88' lang='lat' dir='ltr'><strong>per·</strong></span> 
     </span>
     <span class='ocr_line' id='line_1_5' title="bbox 824 1063 2934 1153; baseline -0.002 -16"><span class='ocrx_word' id='word_1_28' title='bbox 824 1076 1081 1138; x_wconf 73' lang='lat' dir='ltr'><strong>sonam</strong></span> <span class='ocrx_word' id='word_1_29' title='bbox 1133 1079 1525 1153; x_wconf 85' lang='lat' dir='ltr'><strong>conservet,</strong></span> <span class='ocrx_word' id='word_1_30' title='bbox 1580 1063 1907 1135; x_wconf 79' lang='lat' dir='ltr'><strong>hostibus</strong></span> <span class='ocrx_word' id='word_1_31' title='bbox 1960 1088 2161 1135; x_wconf 89' lang='lat' dir='ltr'><strong>more</strong></span> <span class='ocrx_word' id='word_1_32' title='bbox 2218 1064 2431 1136; x_wconf 87' lang='lat' dir='ltr'><strong>solito</strong></span> <span class='ocrx_word' id='word_1_33' title='bbox 2482 1064 2757 1135; x_wconf 79' lang='lat' dir='ltr'><strong>resistat</strong></span> <span class='ocrx_word' id='word_1_34' title='bbox 2801 1088 2818 1132; x_wconf 75' lang='grc' dir='ltr'><strong>ε</strong></span> <span class='ocrx_word' id='word_1_35' title='bbox 2865 1076 2934 1134; x_wconf 88' lang='lat' dir='ltr'><strong>et</strong></span> 
     </span>
     <span class='ocr_line' id='line_1_6' title="bbox 827 1177 2932 1278; baseline -0.001 -25"><span class='ocrx_word' id='word_1_36' title='bbox 827 1181 1166 1277; x_wconf 88' lang='lat' dir='ltr'><strong>quoniam</strong></span> <span class='ocrx_word' id='word_1_37' title='bbox 1180 1178 1368 1252; x_wconf 91' lang='lat' dir='ltr'><strong>hanc</strong></span> <span class='ocrx_word' id='word_1_38' title='bbox 1384 1179 1475 1252; x_wconf 88' lang='lat' dir='ltr'><strong>ab</strong></span> <span class='ocrx_word' id='word_1_39' title='bbox 1488 1204 1575 1251; x_wconf 87' lang='lat' dir='ltr'><strong>eo</strong></span> <span class='ocrx_word' id='word_1_40' title='bbox 1598 1177 1866 1251; x_wconf 88' lang='lat' dir='ltr'><strong>habent</strong></span> <span class='ocrx_word' id='word_1_41' title='bbox 1885 1180 2421 1278; x_wconf 66' lang='lat' dir='ltr'><strong>praerogativam</strong></span> <span class='ocrx_word' id='word_1_42' title='bbox 2442 1179 2617 1266; x_wconf 88' lang='lat' dir='ltr'><strong>ut,si</strong></span> <span class='ocrx_word' id='word_1_43' title='bbox 2639 1202 2932 1275; x_wconf 86' lang='lat' dir='ltr'><strong>regnum</strong></span> 
     </span>
     <span class='ocr_line' id='line_1_7' title="bbox 826 1288 2930 1393; baseline -0 -27"><span class='ocrx_word' id='word_1_44' title='bbox 826 1296 1021 1368; x_wconf 87' lang='lat' dir='ltr'><strong>aliud</strong></span> <span class='ocrx_word' id='word_1_45' title='bbox 1054 1321 1353 1393; x_wconf 88' lang='lat' dir='ltr'><strong>regnum</strong></span> <span class='ocrx_word' id='word_1_46' title='bbox 1386 1301 1824 1369; x_wconf 83' lang='lat' dir='ltr'><strong>Francorum</strong></span> <span class='ocrx_word' id='word_1_47' title='bbox 1853 1295 2188 1367; x_wconf 85' lang='lat' dir='ltr'><strong>invadere</strong></span> <span class='ocrx_word' id='word_1_48' title='bbox 2215 1295 2496 1387; x_wconf 83' lang='lat' dir='ltr'><strong>audeat,</strong></span> <span class='ocrx_word' id='word_1_49' title='bbox 2518 1295 2670 1393; x_wconf 88' lang='lat' dir='ltr'><strong>ipse</strong></span> <span class='ocrx_word' id='word_1_50' title='bbox 2687 1288 2930 1366; x_wconf 84' lang='lat' dir='ltr'><strong>beatus</strong></span> 
     </span>
     <span class='ocr_line' id='line_1_8' title="bbox 828 1408 2930 1509; baseline -0 -26"><span class='ocrx_word' id='word_1_51' title='bbox 828 1426 897 1483; x_wconf 89' lang='lat' dir='ltr'><strong>et</strong></span> <span class='ocrx_word' id='word_1_52' title='bbox 946 1411 1379 1484; x_wconf 88' lang='lat' dir='ltr'><strong>admirabilis</strong></span> <span class='ocrx_word' id='word_1_53' title='bbox 1428 1410 1762 1484; x_wconf 85' lang='lat' dir='ltr'><strong>defensor</strong></span> <span class='ocrx_word' id='word_1_54' title='bbox 1799 1436 1964 1483; x_wconf 90' lang='lat' dir='ltr'><strong>cum</strong></span> <span class='ocrx_word' id='word_1_55' title='bbox 2005 1412 2214 1483; x_wconf 89' lang='lat' dir='ltr'><strong>sociis</strong></span> <span class='ocrx_word' id='word_1_56' title='bbox 2254 1411 2398 1483; x_wconf 91' lang='lat' dir='ltr'><strong>suis</strong></span> <span class='ocrx_word' id='word_1_57' title='bbox 2435 1426 2780 1509; x_wconf 88' lang='lat' dir='ltr'><strong>tanquam</strong></span> <span class='ocrx_word' id='word_1_58' title='bbox 2839 1408 2930 1482; x_wconf 87' lang='lat' dir='ltr'><strong>ad</strong></span> 
     </span>
     <span class='ocr_line' id='line_1_9' title="bbox 826 1526 2928 1626; baseline 0 -27"><span class='ocrx_word' id='word_1_59' title='bbox 826 1526 1357 1599; x_wconf 82' lang='lat' dir='ltr'><strong>defendendum</strong></span> <span class='ocrx_word' id='word_1_60' title='bbox 1416 1528 1618 1601; x_wconf 88' lang='lat' dir='ltr'><strong>altari</strong></span> <span class='ocrx_word' id='word_1_61' title='bbox 1664 1551 1795 1599; x_wconf 85' lang='lat' dir='ltr'><strong>suo</strong></span> <span class='ocrx_word' id='word_1_62' title='bbox 1852 1542 2399 1626; x_wconf 82' lang='lat' dir='ltr'><strong>superponatur,</strong></span> <span class='ocrx_word' id='word_1_63' title='bbox 2454 1551 2541 1599; x_wconf 90' lang='lat' dir='ltr'><strong>eo</strong></span> <span class='ocrx_word' id='word_1_64' title='bbox 2592 1540 2928 1625; x_wconf 64' lang='lat' dir='ltr'><strong>praesente</strong></span> 
     </span>
     <span class='ocr_line' id='line_1_10' title="bbox 828 1641 2930 1739; baseline 0 -26"><span class='ocrx_word' id='word_1_65' title='bbox 828 1642 907 1713; x_wconf 85' lang='lat' dir='ltr'><strong>fit</strong></span> <span class='ocrx_word' id='word_1_66' title='bbox 954 1658 1099 1714; x_wconf 89' lang='lat' dir='ltr'><strong>tam</strong></span> <span class='ocrx_word' id='word_1_67' title='bbox 1144 1643 1447 1738; x_wconf 86' lang='lat' dir='ltr'><strong>gloriose</strong></span> <span class='ocrx_word' id='word_1_68' title='bbox 1498 1666 1716 1739; x_wconf 89' lang='lat' dir='ltr'><strong>quam</strong></span> <span class='ocrx_word' id='word_1_69' title='bbox 1762 1641 2048 1717; x_wconf 86' lang='lat' dir='ltr'><strong>devote.</strong></span> <span class='ocrx_word' id='word_1_70' title='bbox 2090 1646 2230 1715; x_wconf 82' lang='lat' dir='ltr'><strong>Rex</strong></span> <span class='ocrx_word' id='word_1_71' title='bbox 2271 1656 2507 1714; x_wconf 89' lang='lat' dir='ltr'><strong>autem</strong></span> <span class='ocrx_word' id='word_1_72' title='bbox 2549 1642 2930 1714; x_wconf 81' lang='lat' dir='ltr'><strong>vexillum¹</strong></span> 
     </span>
     <span class='ocr_line' id='line_1_11' title="bbox 828 1756 2930 1855; baseline 0.001 -26"><span class='ocrx_word' id='word_1_73' title='bbox 828 1756 919 1829; x_wconf 86' lang='lat' dir='ltr'><strong>ab</strong></span> <span class='ocrx_word' id='word_1_74' title='bbox 950 1760 1154 1830; x_wconf 86' lang='lat' dir='ltr'><strong>altari</strong></span> <span class='ocrx_word' id='word_1_75' title='bbox 1180 1758 1566 1855; x_wconf 91' lang='lat' dir='ltr'><strong>suscipiens</strong></span> <span class='ocrx_word' id='word_1_76' title='bbox 1596 1756 1795 1855; x_wconf 91' lang='lat' dir='ltr'><strong>quod</strong></span> <span class='ocrx_word' id='word_1_77' title='bbox 1840 1757 1932 1829; x_wconf 92' lang='lat' dir='ltr'><strong>de</strong></span> <span class='ocrx_word' id='word_1_78' title='bbox 1961 1760 2300 1834; x_wconf 90' lang='lat' dir='ltr'><strong>comitatu</strong></span> <span class='ocrx_word' id='word_1_79' title='bbox 2348 1757 2740 1849; x_wconf 86' lang='lat' dir='ltr'><strong>Vilcassini,</strong></span> <span class='ocrx_word' id='word_1_80' title='bbox 2785 1782 2930 1855; x_wconf 90' lang='lat' dir='ltr'><strong>quo</strong></span> 
     </span>
     <span class='ocr_line' id='line_1_12' title="bbox 826 1872 2932 1971; baseline -0.001 -25"><span class='ocrx_word' id='word_1_81' title='bbox 826 1873 921 1945; x_wconf 85' lang='lat' dir='ltr'><strong>ad</strong></span> <span class='ocrx_word' id='word_1_82' title='bbox 964 1874 1330 1946; x_wconf 89' lang='lat' dir='ltr'><strong>ecclesiam</strong></span> <span class='ocrx_word' id='word_1_83' title='bbox 1368 1872 1696 1947; x_wconf 84' lang='lat' dir='ltr'><strong>feodatus</strong></span> <span class='ocrx_word' id='word_1_84' title='bbox 1731 1888 1862 1959; x_wconf 89' lang='lat' dir='ltr'><strong>est,</strong></span> <span class='ocrx_word' id='word_1_85' title='bbox 1908 1887 2200 1971; x_wconf 87' lang='lat' dir='ltr'><strong>spectat,</strong></span> <span class='ocrx_word' id='word_1_86' title='bbox 2245 1872 2483 1945; x_wconf 84' lang='lat' dir='ltr'><strong>votive</strong></span> <span class='ocrx_word' id='word_1_87' title='bbox 2519 1887 2861 1969; x_wconf 86' lang='lat' dir='ltr'><strong>tanquam</strong></span> <span class='ocrx_word' id='word_1_88' title='bbox 2889 1897 2932 1944; x_wconf 88' lang='lat' dir='ltr'><strong>a</strong></span> 
     </span>
     <span class='ocr_line' id='line_1_13' title="bbox 827 1987 2932 2086; baseline -0 -26"><span class='ocrx_word' id='word_1_89' title='bbox 827 1988 1126 2060; x_wconf 88' lang='lat' dir='ltr'><strong>domino</strong></span> <span class='ocrx_word' id='word_1_90' title='bbox 1154 2013 1285 2059; x_wconf 94' lang='lat' dir='ltr'><strong>suo</strong></span> <span class='ocrx_word' id='word_1_91' title='bbox 1308 1988 1721 2085; x_wconf 82' lang='lat' dir='ltr'><strong>suscipienS‚</strong></span> <span class='ocrx_word' id='word_1_92' title='bbox 1757 2012 1985 2086; x_wconf 88' lang='lat' dir='ltr'><strong>pauca</strong></span> <span class='ocrx_word' id='word_1_93' title='bbox 2016 2012 2234 2059; x_wconf 89' lang='lat' dir='ltr'><strong>manu</strong></span> <span class='ocrx_word' id='word_1_94' title='bbox 2264 2003 2512 2060; x_wconf 84' lang='lat' dir='ltr'><strong>contra</strong></span> <span class='ocrx_word' id='word_1_95' title='bbox 2543 1987 2810 2081; x_wconf 89' lang='lat' dir='ltr'><strong>hostes,</strong></span> <span class='ocrx_word' id='word_1_96' title='bbox 2857 2002 2932 2059; x_wconf 89' lang='lat' dir='ltr'><strong>ut</strong></span> 
     </span>
     <span class='ocr_line' id='line_1_14' title="bbox 824 2097 2932 2202; baseline 0 -27"><span class='ocrx_word' id='word_1_97' title='bbox 824 2102 957 2175; x_wconf 88' lang='lat' dir='ltr'><strong>sibi</strong></span> <span class='ocrx_word' id='word_1_98' title='bbox 987 2102 1386 2202; x_wconf 85' lang='lat' dir='ltr'><strong>provideat,</strong></span> <span class='ocrx_word' id='word_1_99' title='bbox 1426 2102 1655 2175; x_wconf 85' lang='lat' dir='ltr'><strong>evolat</strong></span> <span class='ocrx_word' id='word_1_100' title='bbox 1687 2130 1708 2195; x_wconf 84' lang='lat'><em>3</em></span> <span class='ocrx_word' id='word_1_101' title='bbox 1759 2118 1841 2174; x_wconf 91' lang='lat' dir='ltr'><strong>ut</strong></span> <span class='ocrx_word' id='word_1_102' title='bbox 1884 2097 2046 2175; x_wconf 85' lang='lat' dir='ltr'><strong>eum</strong></span> <span class='ocrx_word' id='word_1_103' title='bbox 2079 2117 2227 2176; x_wconf 89' lang='lat' dir='ltr'><strong>tota</strong></span> <span class='ocrx_word' id='word_1_104' title='bbox 2273 2104 2562 2176; x_wconf 85' lang='lat' dir='ltr'><strong>Francia</strong></span> <span class='ocrx_word' id='word_1_105' title='bbox 2597 2118 2932 2202; x_wconf 88' lang='lat' dir='ltr'><strong>sequatur</strong></span> 
     </span>
     <span class='ocr_line' id='line_1_15' title="bbox 822 2218 2926 2317; baseline 0 -26"><span class='ocrx_word' id='word_1_106' title='bbox 822 2233 1151 2317; x_wconf 89' lang='lat' dir='ltr'><strong>potenter</strong></span> <span class='ocrx_word' id='word_1_107' title='bbox 1193 2219 1469 2291; x_wconf 86' lang='lat' dir='ltr'><strong>invitat.</strong></span> <span class='ocrx_word' id='word_1_108' title='bbox 1513 2218 1890 2315; x_wconf 84' lang='lat' dir='ltr'><strong>Indignata</strong></span> <span class='ocrx_word' id='word_1_109' title='bbox 1925 2220 2138 2317; x_wconf 86' lang='lat' dir='ltr'><strong>igitur</strong></span> <span class='ocrx_word' id='word_1_110' title='bbox 2172 2219 2489 2292; x_wconf 88' lang='lat' dir='ltr'><strong>hostium</strong></span> <span class='ocrx_word' id='word_1_111' title='bbox 2523 2220 2926 2292; x_wconf 83' lang='lat' dir='ltr'><strong>inusitatam</strong></span> 
     </span>
     <span class='ocr_line' id='line_1_16' title="bbox 822 2334 2930 2435; baseline 0.001 -29"><span class='ocrx_word' id='word_1_112' title='bbox 822 2334 1190 2406; x_wconf 82' lang='lat' dir='ltr'><strong>audaciam</strong></span> <span class='ocrx_word' id='word_1_113' title='bbox 1236 2334 1489 2405; x_wconf 86' lang='lat' dir='ltr'><strong>usitata</strong></span> <span class='ocrx_word' id='word_1_114' title='bbox 1536 2334 1847 2406; x_wconf 88' lang='lat' dir='ltr'><strong>Franciae</strong></span> <span class='ocrx_word' id='word_1_115' title='bbox 1894 2334 2330 2425; x_wconf 79' lang='lat' dir='ltr'><strong>animositaS,</strong></span> <span class='ocrx_word' id='word_1_116' title='bbox 2373 2336 2930 2435; x_wconf 82' lang='lat' dir='ltr'><strong>circumquaque</strong></span> 
     </span>
     <span class='ocr_line' id='line_1_17' title="bbox 824 2447 2934 2547; baseline 0 -26"><span class='ocrx_word' id='word_1_117' title='bbox 824 2474 1117 2521; x_wconf 84' lang='lat' dir='ltr'><strong>movens</strong></span> <span class='ocrx_word' id='word_1_118' title='bbox 1135 2449 1508 2521; x_wconf 85' lang='lat' dir='ltr'><strong>militarem</strong></span> <span class='ocrx_word' id='word_1_119' title='bbox 1534 2447 1915 2541; x_wconf 88' lang='lat' dir='ltr'><strong>delectum,</strong></span> <span class='ocrx_word' id='word_1_120' title='bbox 1947 2450 2133 2522; x_wconf 86' lang='lat' dir='ltr'><strong>vires</strong></span> <span class='ocrx_word' id='word_1_121' title='bbox 2154 2466 2222 2522; x_wconf 86' lang='lat' dir='ltr'><strong>et</strong></span> <span class='ocrx_word' id='word_1_122' title='bbox 2247 2450 2435 2522; x_wconf 83' lang='lat' dir='ltr'><strong>viros</strong></span> <span class='ocrx_word' id='word_1_123' title='bbox 2462 2450 2774 2547; x_wconf 83' lang='lat' dir='ltr'><strong>pristinae</strong></span> <span class='ocrx_word' id='word_1_124' title='bbox 2797 2452 2934 2522; x_wconf 85' lang='lat' dir='ltr'><strong>vir</strong></span> 
     </span>
     <span class='ocr_line' id='line_1_18' title="bbox 821 2563 2914 2661; baseline 0.002 -26"><span class='ocrx_word' id='word_1_125' title='bbox 821 2564 989 2636; x_wconf 86' lang='lat' dir='ltr'><strong>tutis</strong></span> <span class='ocrx_word' id='word_1_126' title='bbox 1041 2577 1112 2636; x_wconf 87' lang='lat' dir='ltr'><strong>et</strong></span> <span class='ocrx_word' id='word_1_127' title='bbox 1164 2563 1620 2659; x_wconf 88' lang='lat' dir='ltr'><strong>antiquarum</strong></span> <span class='ocrx_word' id='word_1_128' title='bbox 1673 2589 2023 2639; x_wconf 87' lang='lat' dir='ltr'><strong>memores</strong></span> <span class='ocrx_word' id='word_1_129' title='bbox 2082 2566 2587 2638; x_wconf 73' lang='lat' dir='ltr'><strong>victoriarum¹</strong></span> <span class='ocrx_word' id='word_1_130' title='bbox 2617 2565 2914 2661; x_wconf 82' lang='lat' dir='ltr'><strong>delegat.</strong></span> 
     </span>
     <span class='ocr_line' id='line_1_19' title="bbox 822 2678 2920 2780; baseline 0.001 -31"><span class='ocrx_word' id='word_1_131' title='bbox 822 2679 962 2765; x_wconf 87' lang='lat' dir='ltr'><strong>Qui</strong></span> <span class='ocrx_word' id='word_1_132' title='bbox 990 2704 1156 2750; x_wconf 91' lang='lat' dir='ltr'><strong>cum</strong></span> <span class='ocrx_word' id='word_1_133' title='bbox 1186 2679 1417 2750; x_wconf 87' lang='lat' dir='ltr'><strong>Remis</strong></span> <span class='ocrx_word' id='word_1_134' title='bbox 1450 2678 1952 2778; x_wconf 86' lang='lat' dir='ltr'><strong>undecumque</strong></span> <span class='ocrx_word' id='word_1_135' title='bbox 1975 2696 2301 2780; x_wconf 88' lang='lat' dir='ltr'><strong>potenter</strong></span> <span class='ocrx_word' id='word_1_136' title='bbox 2320 2682 2920 2773; x_wconf 76' lang='lat' dir='ltr'><strong>convenissemuS,</strong></span> 
     </span>
     <span class='ocr_line' id='line_1_20' title="bbox 820 2794 2923 2897; baseline 0.002 -34"><span class='ocrx_word' id='word_1_137' title='bbox 820 2806 1029 2865; x_wconf 85' lang='lat' dir='ltr'><strong>tantae</strong></span> <span class='ocrx_word' id='word_1_138' title='bbox 1054 2795 1373 2868; x_wconf 87' lang='lat' dir='ltr'><strong>militaris</strong></span> <span class='ocrx_word' id='word_1_139' title='bbox 1400 2809 1468 2867; x_wconf 89' lang='lat' dir='ltr'><strong>et</strong></span> <span class='ocrx_word' id='word_1_140' title='bbox 1495 2794 1840 2893; x_wconf 88' lang='lat' dir='ltr'><strong>pedestris</strong></span> <span class='ocrx_word' id='word_1_141' title='bbox 1859 2798 2204 2869; x_wconf 84' lang='lat' dir='ltr'><strong>exercitus</strong></span> <span class='ocrx_word' id='word_1_142' title='bbox 2221 2799 2442 2897; x_wconf 82' lang='lat' dir='ltr'><strong>copiae</strong></span> <span class='ocrx_word' id='word_1_143' title='bbox 2461 2798 2923 2896; x_wconf 87' lang='lat' dir='ltr'><strong>apparebant,</strong></span> 
     </span>
     <span class='ocr_line' id='line_1_21' title="bbox 822 2909 2924 3009; baseline 0.003 -29"><span class='ocrx_word' id='word_1_144' title='bbox 822 2922 903 2980; x_wconf 89' lang='lat' dir='ltr'><strong>ut</strong></span> <span class='ocrx_word' id='word_1_145' title='bbox 956 2909 1365 2983; x_wconf 86' lang='lat' dir='ltr'><strong>viderentur</strong></span> <span class='ocrx_word' id='word_1_146' title='bbox 1424 2910 1871 3009; x_wconf 84' lang='lat' dir='ltr'><strong>superficiem</strong></span> <span class='ocrx_word' id='word_1_147' title='bbox 1921 2928 2150 3006; x_wconf 69' lang='lat' dir='ltr'><strong>terrae,</strong></span> <span class='ocrx_word' id='word_1_148' title='bbox 2207 2937 2408 2986; x_wconf 88' lang='lat' dir='ltr'><strong>more</strong></span> <span class='ocrx_word' id='word_1_149' title='bbox 2465 2913 2924 3005; x_wconf 88' lang='lat' dir='ltr'><strong>locustarum,</strong></span> 
     </span>
     <span class='ocr_line' id='line_1_22' title="bbox 822 3026 2930 3129; baseline 0.004 -36"><span class='ocrx_word' id='word_1_150' title='bbox 822 3048 973 3094; x_wconf 92' lang='lat' dir='ltr'><strong>non</strong></span> <span class='ocrx_word' id='word_1_151' title='bbox 1007 3039 1283 3096; x_wconf 86' lang='lat' dir='ltr'><strong>tantum</strong></span> <span class='ocrx_word' id='word_1_152' title='bbox 1314 3050 1515 3097; x_wconf 91' lang='lat' dir='ltr'><strong>secus</strong></span> <span class='ocrx_word' id='word_1_153' title='bbox 1556 3026 1896 3101; x_wconf 89' lang='lat' dir='ltr'><strong>decursus</strong></span> <span class='ocrx_word' id='word_1_154' title='bbox 1945 3053 2321 3126; x_wconf 83' lang='lat' dir='ltr'><strong>aquarum,</strong></span> <span class='ocrx_word' id='word_1_155' title='bbox 2369 3029 2497 3102; x_wconf 85' lang='lat' dir='ltr'><strong>sed</strong></span> <span class='ocrx_word' id='word_1_156' title='bbox 2531 3030 2747 3103; x_wconf 86' lang='lat' dir='ltr'><strong>etiam</strong></span> <span class='ocrx_word' id='word_1_157' title='bbox 2775 3027 2930 3129; x_wconf 83' lang='lat' dir='ltr'><strong>[in]⁸</strong></span> 
     </span>
     <span class='ocr_line' id='line_1_23' title="bbox 822 3140 2928 3238; baseline 0.004 -29"><span class='ocrx_word' id='word_1_158' title='bbox 822 3140 1174 3211; x_wconf 88' lang='lat' dir='ltr'><strong>montanis</strong></span> <span class='ocrx_word' id='word_1_159' title='bbox 1197 3154 1269 3210; x_wconf 91' lang='lat' dir='ltr'><strong>et</strong></span> <span class='ocrx_word' id='word_1_160' title='bbox 1293 3140 1583 3238; x_wconf 90' lang='lat' dir='ltr'><strong>planitie</strong></span> <span class='ocrx_word' id='word_1_161' title='bbox 1611 3142 1979 3215; x_wconf 87' lang='lat' dir='ltr'><strong>devorare.</strong></span> <span class='ocrx_word' id='word_1_162' title='bbox 2017 3143 2156 3215; x_wconf 91' lang='lat' dir='ltr'><strong>Ubi</strong></span> <span class='ocrx_word' id='word_1_163' title='bbox 2169 3167 2335 3216; x_wconf 87' lang='lat' dir='ltr'><strong>cum</strong></span> <span class='ocrx_word' id='word_1_164' title='bbox 2362 3168 2488 3216; x_wconf 82' lang='lat' dir='ltr'><strong>rex</strong></span> <span class='ocrx_word' id='word_1_165' title='bbox 2517 3146 2928 3218; x_wconf 85' lang='lat' dir='ltr'><strong>continuata</strong></span> 
     </span>
     <span class='ocr_line' id='line_1_24' title="bbox 822 3254 2924 3358; baseline 0.004 -33"><span class='ocrx_word' id='word_1_166' title='bbox 822 3254 1213 3352; x_wconf 88' lang='lat' dir='ltr'><strong>septimana</strong></span> <span class='ocrx_word' id='word_1_167' title='bbox 1269 3255 1874 3331; x_wconf 89' lang='lat' dir='ltr'><strong>Theutonicorum</strong></span> <span class='ocrx_word' id='word_1_168' title='bbox 1928 3259 2451 3358; x_wconf 88' lang='lat' dir='ltr'><strong>praestolaretur</strong></span> <span class='ocrx_word' id='word_1_169' title='bbox 2517 3261 2924 3351; x_wconf 88' lang='lat' dir='ltr'><strong>incursum,</strong></span> 
     </span>
     <span class='ocr_line' id='line_1_25' title="bbox 824 3368 2932 3475; baseline 0.003 -34"><span class='ocrx_word' id='word_1_170' title='bbox 824 3368 943 3441; x_wconf 83' lang='lat' dir='ltr'><strong>tali</strong></span> <span class='ocrx_word' id='word_1_171' title='bbox 976 3370 1162 3442; x_wconf 88' lang='lat' dir='ltr'><strong>inter</strong></span> <span class='ocrx_word' id='word_1_172' title='bbox 1200 3372 1396 3468; x_wconf 88' lang='lat' dir='ltr'><strong>regni</strong></span> <span class='ocrx_word' id='word_1_173' title='bbox 1430 3396 1766 3470; x_wconf 88' lang='lat' dir='ltr'><strong>proceres</strong></span> <span class='ocrx_word' id='word_1_174' title='bbox 1807 3373 2317 3447; x_wconf 82' lang='lat' dir='ltr'><strong>deliberatione</strong></span> <span class='ocrx_word' id='word_1_175' title='bbox 2359 3402 2472 3449; x_wconf 89' lang='lat' dir='ltr'><strong>res</strong></span> <span class='ocrx_word' id='word_1_176' title='bbox 2511 3376 2932 3475; x_wconf 85' lang='lat' dir='ltr'><strong>disponeba-</strong></span> 
     </span>
     <span class='ocr_line' id='line_1_26' title="bbox 822 3488 2932 3586; baseline 0.005 -31"><span class='ocrx_word' id='word_1_177' title='bbox 822 3499 988 3555; x_wconf 85' lang='lat' dir='ltr'><strong>tur:</strong></span> <span class='ocrx_word' id='word_1_178' title='bbox 1023 3515 1059 3552; x_wconf 71' lang='grc' dir='ltr'>α</span> <span class='ocrx_word' id='word_1_179' title='bbox 1100 3489 1582 3580; x_wconf 77' lang='lat' dir='ltr'><strong>TranseamuS,</strong></span> <span class='ocrx_word' id='word_1_180' title='bbox 1626 3488 1987 3586; x_wconf 89' lang='lat' dir='ltr'><strong>inquiunt,</strong></span> <span class='ocrx_word' id='word_1_181' title='bbox 2019 3488 2354 3562; x_wconf 88' lang='lat' dir='ltr'><strong>audacter</strong></span> <span class='ocrx_word' id='word_1_182' title='bbox 2391 3492 2478 3564; x_wconf 85' lang='lat' dir='ltr'><strong>ad</strong></span> <span class='ocrx_word' id='word_1_183' title='bbox 2515 3516 2664 3583; x_wconf 88' lang='lat' dir='ltr'><strong>eos,</strong></span> <span class='ocrx_word' id='word_1_184' title='bbox 2703 3518 2795 3565; x_wconf 92' lang='lat' dir='ltr'><strong>ne</strong></span> <span class='ocrx_word' id='word_1_185' title='bbox 2828 3517 2932 3565; x_wconf 88' lang='lat' dir='ltr'><strong>re·</strong></span> 
     </span>
     <span class='ocr_line' id='line_1_27' title="bbox 828 3599 2928 3702; baseline 0.005 -32"><span class='ocrx_word' id='word_1_186' title='bbox 828 3629 865 3667; x_wconf 83' lang='lat'><em>«</em></span> <span class='ocrx_word' id='word_1_187' title='bbox 908 3599 1207 3673; x_wconf 88' lang='lat' dir='ltr'><strong>deuntes</strong></span> <span class='ocrx_word' id='word_1_188' title='bbox 1238 3602 1531 3701; x_wconf 89' lang='lat' dir='ltr'><strong>impune</strong></span> <span class='ocrx_word' id='word_1_189' title='bbox 1557 3603 1808 3695; x_wconf 84' lang='lat' dir='ltr'><strong>ferant,</strong></span> <span class='ocrx_word' id='word_1_190' title='bbox 1847 3605 2042 3702; x_wconf 91' lang='lat' dir='ltr'><strong>quod</strong></span> <span class='ocrx_word' id='word_1_191' title='bbox 2071 3607 2146 3676; x_wconf 90' lang='lat' dir='ltr'><strong>in</strong></span> <span class='ocrx_word' id='word_1_192' title='bbox 2181 3620 2526 3680; x_wconf 86' lang='lat' dir='ltr'><strong>terrarum</strong></span> <span class='ocrx_word' id='word_1_193' title='bbox 2561 3607 2928 3681; x_wconf 83' lang='lat' dir='ltr'><strong>dominam</strong></span> 
     </span>
     <span class='ocr_line' id='line_1_28' title="bbox 826 3717 2926 3820; baseline 0.007 -37"><span class='ocrx_word' id='word_1_194' title='bbox 826 3744 863 3783; x_wconf 86' lang='lat'>«</span> <span class='ocrx_word' id='word_1_195' title='bbox 904 3718 1269 3790; x_wconf 87' lang='lat' dir='ltr'><strong>Franciam</strong></span> <span class='ocrx_word' id='word_1_196' title='bbox 1311 3717 1618 3817; x_wconf 89' lang='lat' dir='ltr'><strong>superbe</strong></span> <span class='ocrx_word' id='word_1_197' title='bbox 1650 3738 2275 3820; x_wconf 83' lang='lat' dir='ltr'><strong>praesumpserunt.</strong></span> <span class='ocrx_word' id='word_1_198' title='bbox 2317 3726 2641 3798; x_wconf 86' lang='lat' dir='ltr'><strong>Sentiant</strong></span> <span class='ocrx_word' id='word_1_199' title='bbox 2673 3740 2926 3799; x_wconf 85' lang='lat' dir='ltr'><strong>contu·</strong></span> 
     </span>
    </p>
   </div>
   <div class='ocr_carea' id='block_1_3' title="bbox 818 3922 2934 4374">
    <p class='ocr_par' dir='ltr' id='par_1_3' title="bbox 818 3922 2934 4181">
     <span class='ocr_line' id='line_1_29' title="bbox 905 3922 2933 4009; baseline 0.004 -31"><span class='ocrx_word' id='word_1_200' title='bbox 905 3923 962 3979; x_wconf 79' lang='lat'><strong>1.</strong></span> <span class='ocrx_word' id='word_1_201' title='bbox 1000 3922 1125 3979; x_wconf 84' lang='lat' dir='ltr'><strong>Hoc</strong></span> <span class='ocrx_word' id='word_1_202' title='bbox 1150 3934 1236 3981; x_wconf 84' lang='lat' dir='ltr'><strong>est</strong></span> <span class='ocrx_word' id='word_1_203' title='bbox 1264 3923 1545 3983; x_wconf 85' lang='lat' dir='ltr'><strong>famosum</strong></span> <span class='ocrx_word' id='word_1_204' title='bbox 1572 3923 2066 4005; x_wconf 79' lang='lat' dir='ltr'><strong>Sancti-Dionysii</strong></span> <span class='ocrx_word' id='word_1_205' title='bbox 2083 3925 2380 4009; x_wconf 82' lang='lat' dir='ltr'><strong>vexillum,</strong></span> <span class='ocrx_word' id='word_1_206' title='bbox 2399 3926 2574 4007; x_wconf 73' lang='lat' dir='ltr'><strong>vulgo</strong></span> <span class='ocrx_word' id='word_1_207' title='bbox 2601 3932 2933 4004; x_wconf 80' lang='lat' dir='ltr'><strong>Oriflamme</strong></span> 
     </span>
     <span class='ocr_line' id='line_1_30' title="bbox 821 4016 2934 4102; baseline 0.005 -29"><span class='ocrx_word' id='word_1_208' title='bbox 821 4026 1237 4094; x_wconf 88' lang='lat' dir='ltr'><strong>nuncupatum.</strong></span> <span class='ocrx_word' id='word_1_209' title='bbox 1269 4018 1355 4076; x_wconf 85' lang='lat' dir='ltr'><strong>Cf.</strong></span> <span class='ocrx_word' id='word_1_210' title='bbox 1390 4016 1686 4078; x_wconf 85' lang='lat' dir='ltr'><strong>Guillelm.</strong></span> <span class='ocrx_word' id='word_1_211' title='bbox 1709 4017 1932 4081; x_wconf 87' lang='lat' dir='ltr'><strong>Briton.</strong></span> <span class='ocrx_word' id='word_1_212' title='bbox 1953 4040 2180 4100; x_wconf 84' lang='lat' dir='ltr'><strong>poema,</strong></span> <span class='ocrx_word' id='word_1_213' title='bbox 2203 4019 2307 4081; x_wconf 91' lang='lat' dir='ltr'><strong>lib.</strong></span> <span class='ocrx_word' id='word_1_214' title='bbox 2335 4026 2424 4096; x_wconf 86' lang='lat'><strong>11;</strong></span> <span class='ocrx_word' id='word_1_215' title='bbox 2453 4023 2755 4102; x_wconf 78' lang='lat' dir='ltr'><strong>cangium,</strong></span> <span class='ocrx_word' id='word_1_216' title='bbox 2782 4024 2934 4085; x_wconf 78' lang='lat' dir='ltr'><strong>Feti-</strong></span> 
     </span>
     <span class='ocr_line' id='line_1_31' title="bbox 818 4106 2442 4181; baseline 0.006 -16"><span class='ocrx_word' id='word_1_217' title='bbox 818 4106 1080 4177; x_wconf 86' lang='lat' dir='ltr'><strong>bianum,</strong></span> <span class='ocrx_word' id='word_1_218' title='bbox 1108 4120 1217 4168; x_wconf 86' lang='lat' dir='ltr'><strong>etc.</strong></span> <span class='ocrx_word' id='word_1_219' title='bbox 1246 4108 1391 4169; x_wconf 86' lang='lat' dir='ltr'><strong>Vide</strong></span> <span class='ocrx_word' id='word_1_220' title='bbox 1418 4110 1591 4171; x_wconf 83' lang='lat' dir='ltr'><strong>etiam</strong></span> <span class='ocrx_word' id='word_1_221' title='bbox 1618 4111 1794 4181; x_wconf 72' lang='lat' dir='ltr'><strong>infra,</strong></span> <span class='ocrx_word' id='word_1_222' title='bbox 1819 4112 1882 4172; x_wconf 88' lang='lat' dir='ltr'><strong>in</strong></span> <span class='ocrx_word' id='word_1_223' title='bbox 1907 4112 2442 4175; x_wconf 84' lang='lat' dir='ltr'><strong>Observationibus.</strong></span> 
     </span>
    </p>

    <p class='ocr_par' dir='ltr' id='par_1_4' title="bbox 899 4204 1777 4275">
     <span class='ocr_line' id='line_1_32' title="bbox 899 4204 1777 4275; baseline 0.002 -14"><span class='ocrx_word' id='word_1_224' title='bbox 899 4204 960 4261; x_wconf 81' lang='lat'><strong>2.</strong></span> <span class='ocrx_word' id='word_1_225' title='bbox 989 4206 1323 4275; x_wconf 77' lang='lat' dir='ltr'><strong>Victoriam,</strong></span> <span class='ocrx_word' id='word_1_226' title='bbox 1355 4204 1527 4275; x_wconf 70' lang='lat' dir='ltr'><strong>male,</strong></span> <span class='ocrx_word' id='word_1_227' title='bbox 1554 4208 1777 4265; x_wconf 78' lang='lat'><strong>12710.</strong></span> 
     </span>
    </p>

    <p class='ocr_par' dir='ltr' id='par_1_5' title="bbox 899 4292 1682 4374">
     <span class='ocr_line' id='line_1_33' title="bbox 899 4292 1682 4374; baseline 0.011 -21"><span class='ocrx_word' id='word_1_228' title='bbox 899 4298 959 4355; x_wconf 85' lang='lat'><strong>3.</strong></span> <span class='ocrx_word' id='word_1_229' title='bbox 988 4300 1061 4353; x_wconf 82' lang='lat' dir='ltr'><strong>In</strong></span> <span class='ocrx_word' id='word_1_230' title='bbox 1077 4292 1359 4374; x_wconf 83' lang='lat' dir='ltr'><strong>adjiciunt</strong></span> <span class='ocrx_word' id='word_1_231' title='bbox 1383 4295 1682 4362; x_wconf 75' lang='lat' dir='ltr'><strong>Benedict-</strong></span> 
     </span>
    </p>
   </div>
  </div>
 </body>
</html>
