3275 5317
658 523 805 581 SUR
860 521 1004 581 SON
1045 520 1688 579 ADMINISTRATION
1731 522 2167 583 ABBATIALE.
2337 526 2444 584 201

338 656 857 757 compositione
921 656 994 727 in
1054 654 1389 726 anteriori
1448 670 1653 753 parte
1710 653 2025 728 locatum
2074 656 2454 732 brachium

350 774 579 846 sancti
618 769 877 845 Jacobi·
901 769 1242 869 apostoli,
1277 768 1595 869 idipsum
1630 768 1885 843 litteris
1919 769 2219 845 interius
2244 789 2457 847 attes-

338 889 681 976 tantibuS,
713 887 959 986 pervia
998 884 1485 969 candidissimi
1503 884 1790 957 cristalli
1821 887 2189 983 apertione
2221 888 2462 962 crede-

334 1005 581 1078 batur.
626 1008 771 1077 Nec
796 1002 1037 1075 minus
1058 1003 1131 1073 in
1165 1000 1453 1074 dextera
1480 1014 1680 1099 parte
1709 999 2168 1074 uniformiter
2197 1002 2464 1077 littera-

341 1145 510 1193 rum
544 1120 1019 1218 apparitione,
1061 1116 1444 1189 brachium
1475 1116 2084 1217 prothomartyris
2120 1118 2460 1219 Stephani

335 1235 663 1326 recondi,
707 1236 784 1309 in
812 1235 1095 1308 sinistra
1124 1260 1296 1307 vero
1322 1259 1521 1333 aeque
1556 1236 1779 1307 sancti
1816 1236 2086 1307 Vincen
2095 1236 2203 1307 tii¹
2233 1235 2460 1309 levitae

338 1368 413 1425 et
446 1352 783 1450 martyris
815 1351 1198 1424 brachium
1248 1350 1496 1423 titulus
1528 1351 1827 1423 interius
1855 1349 2269 1450 perorabat.
2318 1355 2462 1425 Nos

337 1470 555 1564 igitur
585 1482 946 1540 tantarum
977 1481 1050 1538 et
1078 1482 1231 1539 tam
1261 1482 1671 1540 sanctarum
1706 1465 2164 1564 reliquiarum
2189 1481 2466 1567 protec-

339 1586 537 1661 tione
570 1583 843 1655 muniri
888 1595 1328 1681 appetente3‚
1376 1606 1493 1655 eas
1538 1579 1782 1654 videre
1801 1634 1822 1674 ,
1877 1605 1992 1653 eas
2031 1580 2456 1673 deosculari,

340 1699 402 1771 si
429 1703 588 1772 Deo
623 1698 1005 1798 displicere
1047 1721 1196 1769 non
1254 1698 1609 1789 timerem,
1667 1696 2185 1795 gratantissime
2233 1697 2462 1771 multo

340 1828 755 1913 temporum
788 1837 1122 1912 processu
1157 1811 1504 1911 rapiebar.
1542 1814 1718 1884 Assu
1727 1836 1927 1885 mens
1960 1813 2176 1909 igitur
2200 1836 2286 1884 ex
2331 1811 2458 1885 de-

338 1928 633 2001 votione
686 1928 1059 1999 audaciam
1084 1981 1105 2014 ‚
1158 1940 1232 1999 et
1285 1926 1684 2024 antiquitati
1737 1926 2092 1999 honorem
2145 1926 2462 1999 veritatis

342 2067 769 2115 conservans
787 2099 811 2135 ‚
857 2041 1161 2115 modum
1203 2055 1275 2113 et
1314 2041 1511 2115 diem
1554 2040 1934 2137 detegendi
1968 2043 2155 2141 ipsas
2185 2056 2461 2115 sanctas

342 2156 675 2255 reliquias
706 2158 1075 2255 elegimus,
1112 2158 1582 2229 sacratissima
1612 2156 1949 2230 videlicet
1977 2157 2094 2229 die
2129 2156 2464 2253 martyris

338 2273 716 2346 beatorum
758 2288 1155 2371 martyrum
1204 2272 1675 2344 dominorum
1713 2286 2157 2363 nostrorum,
2205 2285 2462 2343 octavo

338 2389 606 2461 scilicet
656 2388 821 2462 idus
862 2387 1203 2461 octobris.
1265 2386 1578 2460 Aderant
1618 2387 1974 2485 siquidem
2022 2386 2464 2460 diversarum

336 2505 877 2602 provinciarum
919 2502 1449 2601 archiepiscopi
1492 2516 1564 2575 et
1606 2502 1953 2600 episcopi,
2003 2500 2128 2597 qui
2179 2514 2459 2595 gratan-

338 2620 644 2704 tissime,
684 2619 891 2715 quasi
947 2641 1032 2689 ex
1082 2616 1331 2690 debito
1385 2616 1830 2715 apostolatus
1886 2616 2312 2705 Galliarum,
2369 2613 2462 2688 ad

340 2747 555 2806 tantae
610 2732 1083 2805 solemnitatis
1146 2730 1704 2805 celebrationem
1774 2731 1892 2830 pia
1958 2746 2128 2804 vota
2187 2730 2467 2802 deferre

340 2860 793 2920 accesserant
825 2874 843 2917 ε
886 2846 1399 2947 archiepiscopi
1442 2847 1706 2921 scilicet
1759 2846 2280 2943 Lugdunensis,
2329 2850 2462 2917 Re·-

342 2962 613 3034 mensis
618 3019 641 3053 ‚
688 2963 1113 3035 Turonensis
1151 2976 1223 3035 et
1262 2962 1894 3059 Rothomagensis;
1927 2962 2242 3061 episcopi
2291 2986 2464 3035 vero

340 3076 895 3169 suessionensiS,
938 3076 1405 3165 BelvacensiS‚
1458 3076 2024 3168 Silvanectensis,
2054 3075 2460 3167 MeldensiS,
2546 3066 2552 3072 ⁶

344 3191 813 3282 Redonensis,
851 3191 1193 3265 Aletensis
1250 3208 1320 3263 et
1370 3193 1814 3283 venetensis3
1868 3189 2208 3265 abbatum
2248 3192 2467 3263 etiam

344 3322 417 3381 et
454 3306 1013 3400 monachorum,
1074 3307 1223 3381 sive
1274 3305 1730 3402 clericorum,
1767 3322 1982 3403 atque
2019 3308 2453 3406 optimatum

343 3437 737 3496 conventus
766 3452 787 3516 3
824 3423 948 3495 sed
980 3437 1053 3496 et
1078 3421 1326 3522 populi
1357 3423 1749 3521 promiscui
1781 3447 1986 3495 sexus
2015 3422 2227 3492 turba
2253 3423 2466 3491 innu-

343 3537 725 3611 merabilis.
770 3540 1158 3611 Decantata
1209 3538 1451 3633 igitur,
1498 3537 1751 3612 eadem
1797 3534 2266 3610 solemnitatis
2317 3532 2462 3622 die,

341 3652 599 3742 Tertia,
656 3678 825 3726 cum
859 3652 1011 3750 jam
1058 3654 1133 3725 in
1190 3669 1575 3752 conspectu
1613 3652 1940 3725 omnium
1990 3646 2468 3720 assistentium

344 3766 806 3840 celeberrima
852 3782 1065 3841 tantae
1112 3768 1257 3842 diei
1307 3768 1762 3841 ordinaretur
1820 3761 2208 3863 processiO,
2274 3776 2468 3833 tanta

344 3886 591 3955 certae'
625 3884 729 3955 rei
760 3884 1073 3957 veritatis
1104 3883 1389 3977 fiducia,
1436 3884 1590 3957 solo
1624 3895 1915 3980 patrum
1952 3876 2362 3951 testimonio
2399 3888 2471 3946 et

226 4014 235 4025 ‘
356 3997 567 4072 titulo
607 3998 881 4091 referti,
916 4023 1001 4073 ac
1026 4002 1084 4071 si
1109 4000 1265 4098 jam
1298 4002 1546 4073 omnia
1595 3996 2022 4067 vidissemus
2047 4048 2068 4084 ,
2118 3990 2472 4089 archiepi-

428 4232 455 4289 ί
522 4233 781 4291 Vincenti
803 4230 937 4298 cod.¹
966 4250 1073 4293 ms.
1096 4265 1174 4276 --
1204 4235 1265 4294 2.
1297 4232 1463 4292 Certe
1485 4227 1624 4293 edit.
1657 4226 1866 4291 chesn.
