3275 5317
808 560 923 617 106
1241 554 1573 611 OEnvnss
1612 536 2040 611 coMPLers
2081 554 2180 610 DE
2219 554 2482 615 suem.

806 691 1080 763 misiam
1124 686 1602 786 praeferenteS,
1644 697 1721 756 ut
1768 709 1902 781 pro
1937 685 2088 781 ejus
2130 709 2378 757 amore
2405 700 2743 784 tanquam
2783 691 2922 761 Ec-

804 806 1033 879 clesiae
1064 818 1261 877 tutor
1294 799 1704 899 principalis
1745 800 2298 873 misericorditer
2335 816 2581 899 parcat
2620 801 2926 875 devotis-

790 924 981 995 sime
1026 919 1458 1018 supplicant,
1512 916 1585 987 in
1626 940 1792 987 suos
1839 913 2144 988 alienam
2187 942 2278 988 ne
2327 916 2712 990 ulciscatur
2741 920 2925 1017 inju-

804 1038 983 1109 riam
1024 1034 1432 1131 implorant.
1476 1034 1802 1119 Quorum
1861 1056 1980 1103 rex
2041 1032 2674 1131 supplicationibus
2715 1037 2922 1129 regiae

806 1152 1183 1251 majestatis
1239 1148 1583 1221 inclinans
1649 1146 2176 1237 celsitudinem,
2235 1173 2328 1219 ne
2378 1148 2642 1221 nobilis
2689 1148 2916 1223 beatae

806 1269 1036 1341 Mariae
1085 1289 1252 1340 cum
1300 1263 1585 1335 civitate
1624 1262 1788 1359 igne
1835 1263 2232 1335 solveretur
2293 1262 2616 1357 ecclesia,
2672 1266 2921 1339 comiti

804 1382 1218 1456 Flandrensi
1263 1379 1524 1453 Carolo
1558 1378 1858 1451 mandat
1898 1393 1981 1450 ut
2013 1380 2403 1452 exercitum
2434 1397 2750 1473 revocet,
2801 1386 2922 1455 Ec·

805 1499 1071 1572 clesiae¹
1112 1522 1356 1572 amore
1394 1510 1463 1567 et
1508 1495 1764 1567 timore
1795 1496 2060 1568 civitati
2099 1510 2362 1593 parcat.
2410 1498 2552 1584 Qui
2593 1522 2758 1569 cum
2809 1524 2920 1569 re-

804 1616 1251 1715 patriassent,
1299 1626 1880 1683 momentaneum
1911 1611 2384 1684 infortunium
2417 1611 2654 1709 longa,
2693 1616 2918 1687 conti..

717 1728 727 1737 '
806 1754 947 1801 nua
980 1744 1050 1801 et
1082 1727 1494 1825 gravissima
1522 1725 1793 1798 ultione
1819 1727 2074 1825 punire
2102 1751 2248 1799 non
2283 1725 2742 1801 desistebant.

906 1846 1161 1917 XXVI.
1200 1847 1301 1914 Ea
1347 1856 1801 1941 tempestate,
1840 1840 2260 1915 venerandae
2309 1844 2678 1916 memoriae
2725 1870 2916 1917 sum-

808 1984 1007 2031 mum
1047 1957 1456 2057 pontificem
1503 1982 1886 2030 romanum
1926 1958 2336 2031 Paschalem
2373 1958 2464 2031 ab
2503 1958 2641 2033 hac
2683 1960 2780 2031 ad
2812 1960 2913 2031 lu·

808 2098 964 2147 cem
1049 2087 1465 2172 perpetuam
1529 2074 1828 2169 contigit
1898 2073 2348 2169 demigrare'.
2408 2075 2540 2146 Cui
2588 2100 2756 2147 cum
2823 2075 2915 2146 de

806 2189 1128 2263 Johanne
1177 2189 1480 2261 Gaitano
1506 2188 1954 2280 cancellario,
1988 2188 2338 2261 electione
2372 2190 2722 2265 canonica
2753 2216 2922 2263 con-

806 2306 1108 2399 stitutus,
1150 2330 1337 2405 papa
1374 2305 1695 2379 Gelasius
1721 2305 2197 2396 successisset,
2245 2320 2315 2377 et
2353 2305 2724 2403 cujusdam
2755 2310 2926 2378 Bur-

808 2422 959 2493 dini
1012 2422 1316 2519 depositi
1374 2422 1811 2493 Bracarensis
1860 2420 2407 2519 archiepiscopi,
2461 2421 2922 2520 imperatoris

809 2538 1093 2611 Henrici
1116 2537 1455 2611 violentia
1489 2538 1564 2608 in
1596 2537 1836 2609 sedem
1872 2536 2332 2635 apostolicam
2364 2536 2647 2628 intrusi,
2695 2553 2767 2610 et
2801 2563 2924 2637 po-

806 2653 957 2753 puli
1014 2654 1292 2726 romani
1363 2652 1801 2726 conductitia
1865 2651 2316 2725 infestatione
2374 2652 2921 2727 intolerabiliter

806 2769 1315 2865 fatigaretur‚et
1334 2794 1375 2840 a
1398 2783 1641 2841 sancta
1660 2767 1829 2841 sede
1843 2792 2098 2841 eorum
2120 2767 2498 2866 tyrannide
2515 2784 2916 2860 arceretur;

807 2884 899 2957 ad
927 2886 1223 2958 tutelam
1255 2900 1325 2957 et
1354 2886 1880 2985 protectionem
1908 2886 2333 2958 serenissimi
2359 2888 2542 2983 regis
2573 2887 2918 2959 Ludovici

808 3014 879 3071 et
910 2999 1261 3095 gallicanae
1300 3000 1609 3073 ecclesiae
1651 3001 2220 3097 compassionem
2242 3057 2260 3093 ,
2305 3003 2490 3074 sicut
2527 3002 2916 3099 antiquitus

808 3129 1357 3206 consueverunt,
1433 3116 1778 3211 confugit.
1847 3118 1990 3203 Qui
2051 3142 2220 3189 cum
2289 3118 2526 3190 navali
2596 3117 2916 3189 subsidio

812 3231 1183 3329 (pauperie
1212 3232 1479 3330 quippe
1512 3232 1736 3304 multa
1765 3231 2182 3328 angebatur)
2216 3232 2673 3331 applicuisset
2693 3236 2918 3327 Maga-

808 3344 1103 3435 lonam⁸,
1152 3362 1413 3419 arctam
1439 3348 1515 3418 in
1554 3346 1809 3445 pelago
1843 3346 2184 3437 insulam,
2219 3348 2337 3420 cui
2377 3372 2592 3447 super
2621 3363 2727 3421 est
2751 3346 2902 3419 solo

810 3463 1170 3560 episcopo,
1204 3445 1504 3554 clericis,
1530 3478 1603 3535 et
1636 3488 1797 3535 rara
1828 3463 2094 3536 familia
2124 3479 2565 3560 contempta,
2605 3464 2907 3560 singula-

808 3577 904 3649 ris
935 3594 1007 3651 et
1042 3580 1345 3677 privata,
1379 3604 1593 3651 muro
1618 3583 1639 3619 ⁸
1679 3595 1914 3652 tamen
1953 3594 2247 3679 propter
2287 3604 2480 3653 mare
2513 3602 2912 3653 commean-

892 3808 951 3865 1.
978 3809 1060 3863 Et
1086 3808 1348 3864 EcclesIae
1370 3805 1507 3868 edd.

888 3898 949 3955 2.
978 3898 1146 3955 Anno
1171 3899 1349 3970 1118,
1378 3897 1472 3956 die
1490 3897 1737 3973 januarii
1777 3901 1875 3958 21.
1911 3900 2132 3960 Eodem
2171 3916 2365 3959 mense
2387 3898 2603 3958 electus
2623 3909 2711 3958 est
2738 3896 2913 3958 Gela-

809 3988 925 4047 sius
952 4008 1103 4068 papa
1126 3991 1201 4046 11.

892 4086 949 4145 3.
988 4087 1352 4160 Magalonam
1379 4087 1597 4144 12710.
1645 4089 2003 4163 Maguelone‚
2034 4084 2268 4164 antiqua
2297 4083 2665 4166 Septimaniae
2687 4081 2912 4157 civitas,

808 4174 1145 4254 iamdudum
1171 4177 1385 4239 diruta.

888 4273 949 4331 4.
978 4269 1073 4331 Sic
1094 4269 1320 4331 codices
1344 4290 1543 4330 omnes
1566 4284 1622 4331 et
1649 4273 1743 4334 ed.
1777 4273 2156 4337 Benedict.—
2193 4279 2312 4333 Imo
2343 4272 2580 4351 reliquae
2607 4269 2746 4331 edd.
