3275 5317
878 500 997 557 198
1325 492 1658 551 OEUVRES
1697 478 2135 549 counimus
2171 490 2276 547 DE
2313 488 2578 549 suem.

872 630 1190 730 idipsum
1235 626 1644 725 loquentes,
1683 638 1768 695 ut
1811 621 2250 695 enucleatius
2281 620 2765 719 intelligantur
2779 678 2802 715 ,
2856 648 2990 723 ap-

872 769 1245 847 posmmus
1280 769 1301 815 ε

1030 978 1187 1035 Voce
1210 992 1423 1033 sonans
1442 990 1654 1052 magna
1677 969 1912 1032 Clu-isto
1929 971 2099 1053 plebs
2119 972 2333 1032 clamat
2365 992 2380 1029 :
2409 972 2673 1037 Osanna!

1030 1071 1172 1144 Quae
1190 1067 1363 1127 datur
1390 1066 1453 1127 in
1479 1086 1644 1127 coena
1671 1065 1803 1125 tulit
1829 1085 2030 1127 omnes
2057 1064 2250 1125 hostia
2281 1084 2442 1128 vera.

1026 1166 1204 1223 Ferre
1226 1182 1459 1222 crucem
1480 1172 1760 1243 properat
1783 1160 1888 1240 qui
1918 1172 2159 1219 cunctos
2189 1160 2254 1218 in
2277 1178 2451 1220 cruce
2467 1160 2671 1222 salvat.

1030 1261 1159 1316 Hoc
1184 1255 1343 1335 quod
1368 1254 1587 1315 Abram
1610 1274 1724 1334 pro
1743 1254 1912 1334 prole
1939 1252 2090 1325 litat,
2115 1252 2330 1313 Christi
2355 1273 2496 1313 caro
2525 1253 2731 1332 signat.

1032 1348 1453 1411 Melchisedech
1478 1348 1622 1408 libat
1643 1350 1805 1428 quod
1830 1347 2050 1408 Abram
2081 1368 2256 1427 super
2277 1348 2445 1407 hoste
2475 1348 2812 1428 triumphat.

1030 1447 1273 1503 Botrum
1300 1456 1461 1503 vecte
1488 1444 1685 1502 ferunt
1703 1440 1804 1521 qui
1835 1441 2128 1501 Christum
2151 1461 2286 1501 cun
2307 1460 2482 1503 cruce
2507 1455 2796 1523 querunt.

2085 1616 2102 1645 ἱ

969 1676 1135 1743 Haec
1158 1672 1373 1767 igitur
1397 1685 1547 1743 tam
1584 1693 1776 1741 nova
1803 1693 2026 1767 quam
2065 1670 2360 1765 antiqua
2386 1686 3002 1744 ornamentorum

872 1787 1289 1860 discrimina
1328 1808 1415 1857 ex
1448 1786 1605 1883 ipsa
1648 1784 1898 1856 matris
1941 1784 2255 1857 ecclesiae
2308 1784 2690 1857 affectione
2735 1784 3000 1859 crebro

872 1901 1443 1992 considerantes,
1489 1900 1668 1972 dum
1707 1898 1906 1971 illam
1949 1900 2476 1973 ammirabilem
2523 1902 2748 1973 sancti
2801 1902 3002 1999 Eligii

873 2043 1043 2091 cum
1072 2015 1477 2090 minoribus
1496 2040 1817 2107 crucem,
1831 2014 2008 2087 dum
2037 2015 2597 2113 incomparabile
2629 2040 3004 2089 ornamen-

873 2149 1059 2225 tum,
1094 2132 1294 2233 quod
1330 2133 1543 2228 vulgo
1572 2133 1787 2203 crista
1819 2147 2146 2223 vocatur,
2169 2156 2404 2205 aureae
2437 2157 2579 2206 arae
2611 2135 3004 2233 superponi

872 2264 1407 2337 contueremur,
1462 2245 1683 2320 corde
1729 2262 1938 2319 tenus
1986 2248 2410 2346 suspirando
2461 2278 2482 2320 z
2543 2250 2836 2339 OmniS,
2889 2252 3000 2323 in·

876 2392 1125 2465 quam,
1180 2367 1359 2497 lapis
1412 2365 1779 2497 preciosus
1825 2365 2358 2496 operimentum
2415 2380 2650 2461 tuum,
2691 2366 2998 2458 sardius,

878 2484 1223 2581 topazius,
1251 2481 1502 2579 jaspiS‚
1542 2479 1928 2570 crisolitus,
1960 2480 2132 2551 onix
2169 2495 2241 2552 et
2283 2479 2610 2573 berillus,
2644 2483 2996 2582 saphiruS,

876 2596 1355 2670 carbunculus
1386 2610 1461 2668 et
1492 2594 1936 2689 smaragdus,
1965 2599 2074 2667 De
2115 2619 2430 2695 quorum
2457 2622 2795 2692 numero,
2831 2623 3000 2696 prae-

878 2728 989 2785 ter
1013 2712 1251 2785 solum
1282 2709 1834 2799 carbunculum,
1869 2710 2152 2783 nullum
2178 2711 2508 2803 deesse,'
2489 2738 2639 2785 uno
2663 2714 3002 2813 copiosis-

876 2830 1055 2900 sime
1090 2828 1487 2917 abundare,
1522 2850 1972 2921 gemmarum
2015 2829 2533 2928 proprietatem
2565 2854 2998 2925 cognoscen-

875 2943 1069 3017 tibus
1098 2968 1268 3017 cum
1304 2967 1589 3017 summa
1616 2942 2116 3017 ammiratione
2151 2945 2398 3018 claret.
2445 2944 2676 3036 Unde,
2709 2970 2880 3018 cum
2909 2970 2995 3017 ex

882 3057 1261 3131 dilectione
1318 3060 1603 3133 decoris
1652 3058 1918 3130 domus
1975 3060 2102 3130 Dei
2165 3060 2557 3158 aliquando
2591 3061 3006 3133 multicolor

887 3198 1335 3269 gemmarum
1364 3174 1773 3272 speciositas
1797 3171 1889 3245 ab
1917 3173 2404 3246 exintrinsecis
2433 3198 2552 3245 me
2575 3174 2766 3247 curis
2791 3174 3006 3247 devo-

880 3303 1107 3379 caret,
1175 3303 1587 3362 sanctarum
1650 3290 1865 3361 etiam
1926 3289 2408 3362 diversitatem
2469 3290 2849 3379 virtutum,
2911 3290 3006 3363 de

880 3403 1371 3477 materialibus
1433 3406 1526 3477 ad
1576 3406 2074 3478 immaterialia
2131 3404 2652 3496 transferendo,
2702 3405 3002 3478 honaeta

880 3519 1255 3593 meditatio
1312 3522 1635 3594 insistere
1693 3522 2165 3619 persuaderet
2185 3576 2204 3614 ,
2260 3521 2516 3594 videor
2577 3520 2826 3595 videre
2887 3547 3004 3595 me

877 3637 1082 3734 quasi
1124 3634 1261 3707 sub
1303 3634 1540 3733 aliqua
1588 3652 1921 3710 extranea
1960 3636 2158 3709 orbis
2193 3653 2546 3710 terrarum
2581 3638 2810 3737 plaga,
2847 3664 3006 3737 quae

879 3774 1013 3837 nec
1042 3764 1196 3822 tota
1226 3752 1317 3823 sit
1338 3752 1413 3822 in
1440 3765 1795 3823 terrarum
1827 3750 2020 3844 faece,
2046 3777 2183 3825 nec
2213 3767 2363 3826 tota
2394 3754 2468 3824 in
2503 3753 2664 3825 coeli
2691 3757 3002 3852 puritate

879 3863 1265 3958 demorari,
1302 3866 1397 3939 ab
1433 3866 1567 3939 hac
1602 3867 1819 3940 etiam
1848 3867 2169 3942 inferiori
2199 3869 2293 3941 ad
2331 3868 2528 3940 illam
2563 3870 3002 3967 superiorem

879 3982 1265 4077 anagogico
1290 4008 1493 4055 more
1511 3987 1669 4055 Deo
1688 3983 2003 4056 donante
2024 4009 2232 4082 posse
2251 3984 2638 4059 transferri.
2663 3984 3004 4057 conferre

880 4098 1221 4169 consuevi
1300 4122 1472 4169 cum
1554 4099 2217 4197 Hierosolymitanis
2241 4154 2260 4190 ‚
2342 4115 2414 4174 et
2479 4100 3004 4197 gratantissime

880 4210 1275 4303 addiscere,
1300 4213 1567 4309 quibus
1592 4215 2397 4313 Constantinopolitanae
2425 4230 2804 4315 patuerant
2820 4238 3002 4310 gazae
