3275 5317
778 565 853 624 14
1236 565 1561 622 OEuvnsss
1603 547 2026 622 compm‘ms
2067 565 2170 620 DE
2210 563 2476 623 suana.

774 695 1027 767 matim
1078 694 1471 793 praelibare.
1521 700 1957 767 Francorum
2016 695 2235 788 enim,
2285 719 2435 767 non
2503 694 2888 792 Anglorum

777 827 965 908 gesta
982 866 999 899 ,
1062 811 1389 908 quaedam
1404 814 1423 850 ¹
1468 812 1736 910 scripto
1806 811 2166 883 memoriae
2226 810 2568 883 mandare
2632 837 2892 912 propo-

775 950 1070 999 suimus,

869 1046 962 1114 11.
1020 1041 1423 1114 Ludovicus
1478 1041 1718 1139 itaque
1764 1043 2080 1115 famosus
2121 1043 2443 1140 juveniS,
2497 1043 2882 1138 jocundus,

774 1174 1013 1255 gratus
1038 1173 1111 1231 et
1140 1157 1515 1231 benivolus
1577 1157 1752 1255 (quo
1779 1160 1996 1231 etiam
2033 1185 2075 1230 a
2107 1159 2540 1257 quibusdam
2589 1158 2889 1257 simplex

769 1272 1295 1372 reputabatur),
1329 1273 1482 1371 jam
1508 1273 1820 1366 adultuS,
1857 1273 2130 1347 illuster
2175 1291 2244 1347 et
2292 1276 2655 1348 animosus
2687 1275 2887 1370 regni

770 1390 1091 1488 paterni*
1118 1389 1477 1480 defensor,
1508 1390 1966 1462 ecclesiarum
1997 1389 2421 1464 utilitatibus
2432 1389 2880 1489 providebat,

770 1509 1192 1598 oratorum⁸,
1230 1505 1724 1579 laboratorum
1764 1522 1838 1578 et
1885 1532 2315 1605 pauperum,
2362 1506 2558 1606 quod
2603 1506 2730 1580 diu
2782 1507 2888 1578 in-

770 1620 1061 1693 solitum
1085 1620 1343 1714 fuerat,
1376 1621 1599 1718 quieti
1616 1619 1972 1695 studebat.
1995 1627 2158 1710 Quo
2177 1622 2532 1718 siquidem
2557 1638 2884 1720 tempore

770 1738 957 1809 inter
998 1736 1478 1810 venerabilem
1524 1737 1714 1810 beati
1760 1739 2086 1836 Dionysii
2135 1738 2355 1812 Adam
2395 1738 2765 1811 abbatem*
2813 1755 2886 1810 et

776 1852 1315 1946 Burchardum⁸,
1352 1852 1672 1926 nobilem
1717 1854 1979 1944 virum,
2021 1855 2399 1953 dominum
2431 1859 2884 1927 Monmoren-

771 1969 1164 2041 ciacensem
1222 1967 1480 2041 accidit
1518 1968 1863 2066 quasdam
1895 1971 2387 2043 contentiones
2412 1996 2548 2069 pro
2584 1970 2879 2068 quibus-

772 2084 939 2156 dam
966 2082 1603 2157 consuetudinibus
1633 2085 2024 2174 emersisse,
2055 2109 2214 2182 quae
2260 2087 2333 2157 in
2365 2101 2642 2158 tantam
2687 2085 2883 2158 ebul-

768 2199 1032 2272 lierunt
1061 2199 1476 2273 irritationis
1491 2199 1926 2294 molestiam,
1965 2215 2069 2288 ut,
2095 2215 2313 2298 rupto
2340 2200 2667 2291 hominio
2699 2202 2884 2273 inter

768 2315 1265 2408 defoederatoS,
1328 2316 1568 2408 armis,
1631 2314 1858 2407 bello,
1923 2315 2268 2388 incendiis
2316 2331 2876 2390 concertaretur.

768 2430 981 2518 Quod
1014 2457 1182 2504 cum
1215 2431 1509 2504 auribus
1552 2429 1830 2502 domini
1885 2431 2224 2504 Ludovici
2283 2432 2734 2524 insonuisset,
2779 2432 2884 2503 in-

768 2547 1096 2643 dignatus
1124 2573 1303 2645 aegre
1339 2547 1524 2621 tulit.
1588 2552 1732 2619 Nec
1787 2570 2014 2636 mora,
2055 2550 2230 2645 quin
2287 2549 2662 2646 praefatum
2717 2552 2882 2619 Bur-

770 2663 1121 2737 chardum
1155 2680 1321 2736 ante
1351 2679 1635 2763 patrem
1659 2679 1893 2736 castro
1921 2664 2252 2736 Pinciaco
2274 2665 2296 2702 ⁸
2323 2665 2416 2736 ad
2442 2689 2688 2738 causas
2719 2662 2884 2738 sub-

766 2780 1128 2851 monitum
1166 2781 1502 2876 coegerit.
1543 2780 1686 2868 Qui
1725 2803 1893 2850 cum
1925 2779 2186 2852 cadens
2210 2805 2252 2852 a
2288 2805 2498 2854 causa
2533 2781 2882 2878 justitiam

846 3015 873 3070 1
891 3055 905 3070 .
952 3013 1219 3088 Quodam
1242 3011 1379 3072 edd.
1409 3010 1622 3071 Chesn.
1647 3021 1708 3069 et
1733 3011 1932 3069 Germ.
1961 3045 2042 3056 —
2075 3015 2134 3072 2.
2177 3013 2361 3091 Regni
2382 3019 2574 3090 patris
2603 3016 2821 3073 12710.

846 3107 907 3164 3.
978 3106 1276 3161 oratorum
1296 3147 1313 3176 ‚
1375 3103 1437 3162 id
1512 3114 1600 3162 est
1644 3103 1983 3162 clericorum
2045 3105 2572 3185 monachorumque
2633 3103 2880 3165 orationi

761 3195 1145 3254 addictorum.
1178 3197 1432 3270 Huiusce
1460 3195 1617 3254 vocis
1645 3195 2118 3274 significationem
2143 3199 2439 3259 enucleate
2475 3199 2662 3280 aperit
2689 3201 2878 3259 Orde-

760 3288 918 3348 ricus
946 3287 1171 3362 vitalis,
1199 3290 1260 3347 in
1297 3293 1559 3348 Historia
1582 3294 1996 3366 ecclesiastica,
2027 3290 2131 3350 lib.
2161 3295 2249 3350 111
2282 3313 2296 3350 ε
2332 3313 2361 3351 c
2396 3297 2553 3351 Talt's
2587 3295 2745 3351 homo
2769 3315 2878 3351 non

768 3407 797 3435 κ
842 3381 1007 3440 debet
1045 3381 1218 3440 abbas
1252 3403 1396 3457 esse,
1429 3389 1529 3460 qui
1561 3391 1872 3441 exteriores
1903 3405 2072 3442 curas
2109 3392 2288 3443 nescit
2318 3390 2678 3464 negligitque.
2720 3390 2883 3448 Unde

766 3503 793 3531 a
840 3479 1016 3536 vivent
1040 3492 1307 3552 oratores,
1337 3484 1391 3535 si
1410 3480 1730 3554 defecerim
1759 3483 2053 3536 aratores?
2085 3485 2372 3556 Insipiens
2397 3493 2478 3538 est
2501 3487 2602 3556 qm·
2611 3484 2747 3556 plus
2765 3500 2880 3556 ap-

767 3597 795 3623 «
833 3576 981 3646 petit
1020 3576 1079 3626 in
1118 3575 1363 3628 claustro
1398 3575 1589 3648 legere
1626 3575 1716 3628 vel
1745 3571 2005 3647 scribere,
2036 3594 2203 3648 quam
2244 3575 2394 3630 unde
2428 3567 2672 3649 fr'atrum
2711 3580 2882 3630 victus

768 3687 796 3716 α
839 3664 1175 3722 exhibeatur
1204 3685 1533 3740 procurare.
1585 3690 1614 3717 ι»
1661 3665 1770 3727 Ed.
1807 3671 1892 3724 Le
1923 3669 2180 3739 Preme,
2221 3670 2274 3724 11
2292 3712 2310 3738 ,
2347 3670 2445 3725 51.
2485 3663 2878 3744 Rejiciendam

760 3755 938 3835 igitur
962 3769 1231 3835 putamus
1254 3776 1460 3817 novam
1482 3777 1658 3836 quam
1683 3771 2020 3837 proponunt
2040 3757 2395 3819 Benedictini
2417 3759 2744 3832 lectionem,
2773 3759 2880 3818 sci-

761 3847 897 3909 licet
922 3865 1233 3910 aratorum.

840 3947 901 4003 ¹1.
954 3941 1327 4002 Tricesimum
1382 3942 1615 4002 tertium
1663 3943 1858 4004 Sancti
1889 3944 2151 4023 Dionysii
2205 3944 2503 4020 abbatem,
2553 3943 2657 4025 qui
2689 3943 2881 4004 Yvoni
2966 3946 2974 3955 ‘

761 4034 1032 4095 successit
1061 4055 1215 4094 anno
1240 4038 1420 4095 1094.

842 4135 901 4190 5.
944 4133 1305 4188 ΒασΙιαν-ᾱιιηι
1332 4133 1511 4203 6265,
1537 4141 1601 4188 ut
1624 4141 1683 4190 et
1706 4129 1881 4190 infra.
1911 4163 1992 4177 —-
2018 4135 2375 4192 Burcardum
2412 4137 2529 4195 135
2559 4144 2619 4193 et
2657 4136 2876 4194 12710.

758 4226 817 4283 Is
842 4235 931 4282 est
952 4222 1317 4282 Burchardus
1343 4227 1439 4282 lv.

844 4317 907 4376 6.
949 4315 1136 4394 Vulgo
1160 4318 1378 4384 Poissya
