3275 5317
1258 582 1599 641 LETrREs.
2375 589 2488 646 2333

388 740 587 787 mum
624 726 836 803 extat,
874 737 1019 811 quo
1062 711 1151 784 ad
1200 736 1491 783 omnem
1538 710 2028 785 indifferenter
2070 714 2496 789 obedientiae

387 828 905 927 plenitudinem
943 828 1389 915 animamur,
1432 848 1579 923 quo
1618 825 1713 898 ad
1753 828 2083 899 omnium
2126 830 2496 904 mandato·

388 970 549 1017 rum
587 958 989 1018 vestrorum
1028 943 1519 1015 executionem
1564 967 1698 1041 pro
1746 957 1897 1015 toto
1945 966 2152 1043 posse
2191 956 2338 1017 tam
2379 950 2494 1046 pie

386 1084 603 1158 quam
642 1060 983 1132 audacter
1011 1058 1469 1154 accingimur.
1514 1060 1697 1129 Sane
1746 1056 1942 1155 quod
1987 1083 2130 1157 prae
2165 1061 2495 1135 manibus

388 1191 493 1248 est
522 1180 794 1247 Sanctoe
820 1174 1201 1246 Genovefae
1244 1172 1638 1269 negotium,
1677 1196 1862 1271 opus
1909 1171 2278 1267 divinum,
2316 1200 2497 1275 opus

387 1306 738 1381 sanctum,
757 1315 938 1388 opus
949 1286 1147 1386 quod
1169 1301 1501 1386 operatus
1527 1292 1834 1360 estDeus
1851 1313 1982 1388 per
1993 1314 2120 1361 vos
2147 1292 2219 1362 in
2243 1291 2496 1365 diebus

388 1408 669 1497 nostris,
688 1404 1065 1477 miserrimi
1083 1402 1185 1475 illi
1212 1401 1586 1491 seculareS,
1606 1428 1749 1474 non
1772 1418 1919 1476 tam
1939 1406 2260 1478 canonici
2277 1431 2496 1503 quam

386 1536 642 1592 sanctae
675 1520 1052 1593 Genovefae
1076 1532 1584 1617 persecutoreS,
1600 1517 1794 1617 apud
1827 1545 1956 1592 nos
1978 1520 2322 1619 impedire
2345 1546 2492 1594 non

388 1637 729 1727 valentes,
767 1635 1181 1707 catervatim
1208 1636 1505 1704 Romam
1535 1651 1997 1732 properantes
2029 1634 2396 1728 festinant3
2437 1638 2490 1709 si

388 1750 575 1823 forte
616 1773 1071 1847 quacumque
1114 1749 1512 1841 occasione,
1552 1772 2013 1847 quocumque
2048 1750 2330 1849 pietatis
2367 1751 2498 1824 ho-

386 1881 595 1940 nesto
626 1880 751 1939 aut
782 1866 1161 1937 inhonesto
1194 1863 1446 1955 mode,
1472 1866 1654 1936 Petri
1689 1866 2160 1938 constantiam
2175 1892 2490 1957 movere,

384 1983 661 2055 curiam
705 2004 1077 2054 romanam
1110 1978 1576 2079 petitionibus
1616 1980 1902 2053 flectere
1925 2037 1945 2075 ,
2008 1982 2386 2055 familiares
2425 2000 2499 2056 et

382 2122 517 2195 per
554 2097 935 2169 familiares
969 2095 1147 2166 alios
1188 2096 1541 2192 decipere,
1591 2120 1725 2195 pro
1770 2098 1936 2185 vita,
1975 2120 2111 2195 pro
2140 2096 2492 2189 moribus,

384 2236 521 2310 pro
552 2238 629 2283 re
666 2210 995 2283 familiari
1039 2211 1547 2307 qualicumque
1604 2234 1695 2281 ne
1746 2224 2090 2302 mutetur,
2135 2226 2289 2284 toto
2339 2214 2498 2285 nisu

382 2326 608 2398 animi
644 2342 714 2398 et
740 2327 1059 2425 corporis
1090 2325 1492 2397 innitentes.
1528 2328 1797 2396 Verum
1821 2326 1988 2421 quia
2019 2348 2228 2398 causa
2257 2328 2496 2399 Eccle-

380 2443 503 2513 siae
532 2466 740 2513 causa
777 2442 908 2513 Dei
944 2456 1077 2531 est,
1114 2444 1323 2511 Petro
1368 2453 1439 2511 et
1488 2440 1674 2509 Petri
1715 2440 1980 2512 vicario
2031 2464 2160 2538 per
2209 2444 2496 2514 Petrum

378 2558 795 2645 commissa,
830 2553 1259 2627 confidimus
1293 2554 1367 2623 in
1399 2552 1717 2624 Domino
1749 2558 1942 2645 Jesu,
1978 2554 2150 2650 quia
2184 2554 2334 2653 ipse
2372 2559 2497 2654 qui

376 2672 602 2767 coepit
628 2669 971 2768 perficiet,
988 2694 1117 2741 nec
1148 2682 1491 2765 poterunt
1522 2667 1656 2739 viri
1688 2668 2084 2743 offensores
2112 2671 2247 2740 Dei
2279 2684 2344 2741 et
2387 2674 2491 2744 sui

374 2784 795 2885 proditores
856 2783 1189 2856 adversus
1220 2784 1640 2879 religionem
1672 2784 1744 2855 in
1788 2784 1984 2856 curia
2016 2785 2296 2882 capitali
2330 2787 2495 2858 reli-

374 2901 619 2998 gionis
648 2900 1049 2999 praevalere.
1090 2901 1231 2989 Qui
1266 2925 1488 2997 quam
1517 2898 1895 2972 indiscrete
1927 2914 1998 2971 et
2027 2886 2496 2974 irreverenter

376 3030 634 3090 contra
677 3031 1114 3115 praeceptum
1152 3028 1468 3088 vestrum
1512 3040 1587 3087 se
1620 3013 2027 3105 habuerint,
2084 3030 2330 3089 vestrae
2370 3022 2493 3089 Pa-

376 3133 699 3206 ternitati
728 3132 1123 3229 significare
1155 3131 1450 3229 dignum
1483 3130 1840 3203 duximus.

480 3248 871 3321 Thesauros
911 3272 1093 3345 quos
1140 3246 1345 3319 nobis
1384 3246 1807 3346 praecepistis
1845 3248 2195 3343 assignare
2251 3246 2496 3320 abbati

378 3378 459 3435 et
489 3364 851 3437 canonicis
886 3362 1364 3459 regularibuS,
1420 3360 1754 3434 audiente
1797 3363 2324 3462 archiepiscopo
2369 3366 2498 3433 Re·

379 3476 652 3551 mensi⁵
690 3494 761 3551 et
800 3479 1134 3578 episcopo
1175 3477 1722 3568 Suessionensi',
1766 3494 1839 3549 et
1878 3478 2029 3551 aliis
2069 3474 2500 3575 quampluri-

380 3594 524 3665 mis
566 3592 1304 3690 religiosis·personi5‚
1348 3616 1431 3663 ex
1486 3606 1688 3690 parte
1734 3606 1989 3678 vestra,
2043 3587 2498 3662 ostendentes

380 3710 621 3781 literas
659 3708 1147 3808 praeceptionis
1177 3721 1447 3799 vestrae,
1498 3706 1880 3802 exegimuS.
1937 3705 2078 3791 Qui
2127 3702 2498 3799 iniquitate

382 3824 715 3917 involuti,
746 3824 1055 3920 nequitia
1084 3822 1443 3913 excaecati,
1482 3847 1615 3894 nec
1643 3821 2012 3891 thesauros
2043 3816 2290 3889 furtim
2324 3816 2497 3890 sub-

382 3940 597 4031 latoS,
638 3938 965 4011 videlicet
1008 3938 1554 4035 quatuordecim
1602 3958 1876 4007 marcas
1926 3932 2106 4026 auri,
2149 3948 2228 4005 ut
2266 3932 2490 4023 aiunt,

383 4056 483 4127 de
526 4054 781 4128 feretro
832 4068 1089 4125 sanctae
1135 4053 1539 4143 Genovefae,
1584 4076 1718 4123 nec
1758 4047 2091 4145 reliquias
2144 4047 2490 4147 ejusdem,

472 4303 531 4361 1.
576 4304 870 4361 Sanisene.
914 4332 992 4345 —
1034 4300 1094 4359 Ξ.
1126 4299 1398 4361 Gosleno.
