3275 5317
1371 1109 1435 1186 V

701 1398 1300 1506 CHARTES
1375 1401 1541 1505 DE
1634 1401 2092 1511 SUGER.

396 1814 453 1863 1.
526 1812 618 1861 nn
681 1812 1071 1862 noumnms
1124 1812 1347 1862 viu-m
1402 1812 1601 1863 ΒΕΑΤΙ
1665 1816 1968 1865 momsn
2029 1816 2385 1868 mmmm

1196 1924 1517 1975 'rasurus
1536 1905 1581 1972 ¹.

332 2194 522 2267 Suger
548 2190 862 2267 affranche't
894 2190 967 2246 de
992 2193 1053 2245 la
1078 2192 1361 2248 servitude
1385 2193 1461 2249 de
1495 2194 1557 2249 la
1581 2194 1951 2249 main-morte
1969 2194 2054 2249 les
2074 2189 2361 2251 habitant:
2381 2195 2456 2250 de

414 2284 477 2337 la
499 2284 631 2337 oille
654 2282 728 2337 de
761 2284 1143 2340 Saitae-Dema
1172 2296 1229 2339 et
1267 2286 1541 2341 certaines
1578 2282 1831 2360 familles
1865 2286 1944 2340 du
1971 2282 2234 2361 bom-gde
2262 2284 2456 2345 Saint-

412 2378 665 2446 Marcel,
692 2390 1027 2446 mqyimnant
1058 2379 1117 2433 la
1141 2396 1350 2434 somme
1373 2379 1448 2435 de
1471 2379 1628 2435 deux
1649 2390 1804 2434 cents
1827 2378 2178 2454 livres,.qu'il
2192 2398 2456 2435 com-acre

412 2468 452 2525 ὰ
475 2481 763 2526 restaurer-
788 2470 1022 2527 ventree
1041 2471 1117 2527 de
1136 2467 1421 2543 l'abbaye.

1292 2629 1499 2710 (1125)

426 2858 513 2925 ln
540 2852 836 2925 nomine
865 2868 1123 2925 sanctae
1146 2867 1217 2925 et
1241 2850 1627 2925 individuae
1651 2851 2036 2927 'rx-instatis.
2058 2856 2206 2949 Ego
2234 2856 2450 2951 Suge-

332 2968 509 3062 riuS,
532 2967 844 3041 eoelesiae
862 2968 1053 3040 Beati
1073 2968 1395 3065 Dionysii
1411 2967 1701 3041 humilis
1724 2970 2069 3042 minister.
2091 2972 2450 3058 Quoniam

330 3085 761 3183 parvitatem
776 3099 1097 3157 nostram
1119 3083 1215 3157 ad
1238 3084 1936 3159 administrationem
1962 3085 2272 3161 ecclesiae
2308 3088 2452 3184 glo-

330 3200 893 3273 riosissimorum
940 3216 1341 3297 martyrum
1384 3202 1734 3299 Dionysii,
1786 3203 2054 3276 Rustici
2115 3217 2186 3274 et
2244 3203 2452 3295 Eleu-

330 3315 545 3389 therii
590 3316 849 3391 divinae
899 3316 1168 3415 placuit
1215 3316 1665 3416 dispositioni
1717 3343 2174 3418 promovere,
2227 3318 2451 3391 debe-

328 3456 493 3505 mus
546 3446 617 3505 et
664 3432 1021 3523 volumus,
1071 3447 1423 3530 quantum
1466 3433 1812 3526 valemuS,
1849 3449 1930 3506 ut
1967 3434 2269 3528 dignum
2317 3448 2449 3523 est,

330 3546 563 3621 filialis
580 3548 843 3621 affectu
861 3546 1622 3647 devotioniS,ejusdem
1637 3550 1891 3621 matris
1913 3562 2176 3620 nostrae
2194 3546 2452 3619 honori
2519 3536 2522 3539 ⁹

330 3688 415 3736 ac
448 3663 761 3737 libertati
794 3663 869 3735 in
909 3664 1248 3737 omnibus
1285 3664 1690 3764 providere.
1727 3663 1931 3736 Unde
1957 3678 2108 3735 tam
2143 3686 2451 3763 praesen-

329 3782 515 3853 tium
546 3784 735 3854 aetati
762 3808 985 3881 quam
1010 3782 1422 3855 futurorum
1453 3778 1850 3879 posteritati
1879 3776 2116 3875 palam
2147 3778 2302 3850 fieri
2332 3803 2458 3853 vo-

336 3892 581 3967 lumus
609 3898 961 3995 quoniam
1009 3896 1357 3997 oppidani
1418 3909 1493 3967 et
1532 3891 1998 3965 mansionarii
2039 3892 2222 3965 villae
2263 3895 2458 3967 Beati

326 4013 655 4111 Dionysii
711 4014 802 4089 de
860 4016 1229 4089 exactione
1286 4009 1826 4087 consuetudinis
1877 4012 2199 4110 pessimae
2226 4067 2247 4106 ,
2297 4038 2456 4111 quae

416 4292 447 4349 1
461 4336 478 4353 .
505 4294 597 4350 De
622 4296 795 4353 servis
819 4290 1078 4353 libertati
1099 4294 1335 4352 truditis
1354 4290 1417 4352 in
1442 4288 1797 4353 chartulario
1821 4287 2017 4352 Sancti
2041 4289 2330 4370 Dionysii.
