3275 5317
857 595 934 653 44
1278 590 1607 649 OEuvaas
1647 573 2070 649 comparas
2112 591 2212 649 DE
2254 590 2521 649 susan.

853 741 928 799 et
958 723 1281 797 militaris
1319 722 1704 821 disciplinae
1744 722 2089 795 industria
2136 724 2523 796 exercitato
2569 724 2753 817 vire,
2794 750 2964 823 qua-

857 842 1044 912 tinus
1088 837 1205 910 die
1249 852 1440 910 certa
1480 834 1944 937 (deficiebant
2004 840 2195 911 enim
2242 837 2544 911 obsessis
2596 838 2958 937 victualia)

852 954 1174 1055 praesidia
1206 954 1446 1046 ferret,
1477 968 1795 1027 castrum
1830 954 2287 1027 exobsessum
2318 978 2540 1027 manu
2586 954 2753 1029 forti
2784 955 2959 1028 deli·

849 1070 1154 1161 beraret,
1191 1068 1340 1167 ipse
1378 1068 1665 1141 interim
1695 1068 1985 1168 rapinis,
2015 1068 2375 1161 incendio,
2404 1085 2491 1143 ut
2508 1069 2959 1143 obsidionem

853 1199 1270 1276 removeret,
1331 1184 1735 1259 insudabat.
1783 1185 2157 1281 Designata
2204 1186 2419 1281 igitur
2456 1185 2573 1258 die
2606 1210 2749 1282 qua
2784 1210 2957 1285 prae·

851 1302 1084 1374 dictus
1115 1324 1354 1373 comes
1377 1299 1831 1373 Theobaldus
1862 1315 1934 1373 et
1954 1300 2279 1400 praesidia
2312 1301 2527 1373 ferret
2546 1316 2620 1373 et
2644 1299 2959 1374 obsidio-

850 1441 1019 1489 nem
1063 1442 1280 1489 manu
1331 1416 1617 1489 militari
1655 1431 2081 1507 removeret,
2140 1414 2479 1487 dominus
2523 1415 2952 1513 designatus,

851 1558 996 1606 non
1029 1535 1306 1607 eminus
1332 1532 1459 1605 sed
1486 1532 1838 1623 cominus,
1883 1556 2102 1629 quem
2140 1533 2377 1630 potuit
2420 1530 2705 1627 collegit
2752 1557 2957 1606 exer-

849 1649 1114 1722 citum:
1176 1664 1248 1720 et
1280 1648 1488 1744 regiae
1526 1672 1809 1721 memor
1853 1646 2306 1733 excellentiae,
2348 1663 2599 1719 mactae
2645 1646 2949 1739 virtutis,

850 1764 1115 1836 relictis
1153 1764 1478 1835 tentoriis
1526 1778 1599 1835 et
1635 1762 1889 1835 eorum
1934 1762 2455 1848 defensoribuS,
2512 1762 2955 1836 laetabundus

847 1878 1204 1968 occurrit·;
1259 1894 1335 1952 et
1390 1881 1756 1978 praemisso
1811 1880 1937 1977 qui
1994 1904 2118 1953 eos
2156 1880 2398 1951 venire
2434 1893 2561 1951 aut
2606 1904 2729 1953 eos
2773 1880 2955 1953 velle

848 1993 1186 2068 dimicare
1204 1995 1601 2086 renunciet,
1622 1995 1773 2093 ipse
1805 1993 2110 2066 barones
2130 1993 2432 2084 asciscit,
2466 1993 2651 2066 acies
2670 1994 2954 2067 ordinat

843 2110 1226 2183 militarem
1270 2125 1342 2182 et
1377 2110 1807 2210 pedestrem,
1860 2110 2256 2206 sagittarios
2296 2122 2367 2180 et
2404 2108 2793 2183 lancoerios
2824 2134 2952 2183 suo

841 2225 1005 2297 loco
1041 2241 1458 2324 sequestrat.
1487 2228 1574 2299 Ut
1605 2251 1774 2321 ergo
1795 2251 1869 2298 se
1892 2226 2416 2323 conspicantur,
2456 2224 2740 2296 classica
2772 2226 2953 2297 into-

843 2356 1039 2427 nant,
1075 2343 1402 2439 equitum
1433 2356 1506 2413 et
1528 2366 1879 2440 equorum
1908 2342 2317 2413 animositas
2353 2340 2711 2430 incitatur,
2762 2341 2953 2413 citis·

841 2455 1018 2527 sime
1076 2460 1575 2531 committitur.
1644 2462 1914 2530 Verum
1972 2455 2257 2547 Franci,
2321 2470 2549 2527 marte
2605 2456 2950 2528 continuo

839 2572 1218 2664 exercitati,
1243 2576 1560 2647 Brienses
1574 2573 1785 2671 longa
1802 2598 1975 2674 pace
1998 2572 2267 2646 solutos
2289 2572 2617 2668 aggressi,
2640 2571 2945 2661 caedunt,

839 2684 1100 2759 lanceis
1145 2703 1217 2761 et
1259 2689 1503 2785 gladiis
1541 2690 2001 2789 praecipitant,
2046 2689 2359 2762 victoriae
2396 2689 2767 2778 insistunt3
2816 2712 2949 2761 nec

839 2824 963 2871 eos
1015 2804 1432 2901 impugnare
1487 2805 1778 2878 viriliter
1826 2820 1975 2876 tam
2022 2803 2311 2875 militari
2362 2827 2581 2900 quam
2633 2801 2947 2901 pedestri

839 2938 1060 2988 manu
1095 2918 1468 3013 desistunt,
1514 2920 1748 2994 donec
1811 2934 2005 3015 terga
2052 2934 2401 2991 vertentes
2466 2917 2646 3015 sugae
2700 2919 2947 3014 praesi-

841 3028 1042 3102 dium
1092 3036 1602 3132 arripuerunt¹.
1648 3042 1804 3133 lpse
1859 3059 2027 3107 vero
2076 3059 2317 3108 comes
2354 3033 2621 3106 malens
2668 3033 2948 3131 primus

840 3170 1059 3241 quam
1095 3163 1451 3223 extremus
1479 3151 1551 3222 in
1577 3151 1767 3248 fuga,
1796 3176 1887 3223 ne
1915 3166 2317 3251 caperetur,
2340 3150 2661 3248 reperiri,
2696 3148 2947 3221 relicto

841 3263 1176 3354 exercitu,
1213 3266 1596 3362 repatriare
1634 3267 2029 3339 contendit.
2064 3270 2224 3354 Qua
2264 3264 2761 3361 congressione
2795 3288 2947 3361 qui·

839 3377 1009 3449 dam
1035 3378 1415 3471 interfecti,
1441 3383 1649 3454 multi
1680 3382 2058 3474 vulnerati,
2093 3382 2366 3480 plures²
2396 3380 2581 3479 capti
2597 3380 2947 3452 famosam

839 3493 1104 3592 ubique
1130 3511 1477 3569 terrarum
1508 3496 2043 3571 celeberrimam
2074 3496 2305 3571 fecere
2327 3497 2727 3570 victoriam.
2764 3497 2949 3568 Poti-

839 3625 954 3681 tus
985 3612 1223 3710 itaque
1253 3628 1446 3686 tanta
1479 3628 1551 3686 et
1577 3628 1722 3685 tam
1747 3629 2154 3713 opportuna
2184 3613 2520 3686 dominus
2538 3612 2946 3685 Ludovicus

836 3724 1158 3819 victoria,
1189 3730 1494 3802 tentoria
1524 3730 1808 3829 repetit,
1839 3728 2238 3829 oppidanos
2262 3753 2443 3801 vana
2490 3753 2614 3827 spe
2646 3728 2946 3802 frustra-

839 3851 952 3911 tos
978 3840 1191 3937 ejicit,
1213 3843 1579 3917 castellum
1600 3843 1737 3917 sibi
1764 3846 2077 3918 retinens
2105 3843 2715 3918 Garlandensibus
2736 3868 2942 3915 com-

836 3952 1078 4026 mittit.

913 4216 943 4272 1
959 4256 975 4273 .
998 4215 1365 4289 Ampuerim
1387 4215 1605 4273 12710.

911 4307 973 4366 Ξ.
1007 4305 1100 4364 Sic
1125 4306 1300 4367 codd.
1327 4324 1546 4367 omne-⁰».
1577 4339 1658 4352 —
1682 4308 1929 4367 Plurimi
1950 4308 2084 4369 edd.
