3275 5317
861 611 934 670 62
1315 604 1645 666 OEuvnns
1686 587 2112 666 commus
2154 605 2257 663 ns
2298 602 2565 663 suern.

858 739 1171 814 fluminis
1203 742 1547 837 Sequanae
1571 737 1952 810 horridum
1984 752 2055 809 et
2075 736 2391 833 ignobile
2412 752 2749 831 castrum,
2771 738 2973 836 quod

859 858 1120 931 dicitur
1164 860 1396 954 Rupes
1447 854 1794 926 Guidonis
1812 858 1857 943 ¹,
1898 856 1972 926 in
2030 852 2401 952 superficie
2440 856 2549 925 sui
2588 854 2969 948 invisibile,

859 996 1039 1069 rupe
1079 970 1369 1043 sublimi
1399 972 1878 1061 incaveatum,
1916 970 2032 1042 cui
2070 994 2325 1042 manus
2360 967 2614 1041 aemula
2654 969 2973 1059 artificis,

857 1090 934 1161 in
965 1087 1235 1161 devexo
1259 1089 1526 1160 montis
1552 1110 1718 1159 raro
1743 1101 1817 1158 et
1842 1086 2105 1159 misero
2126 1086 2336 1175 osti0,
2365 1086 2687 1157 maximae
2710 1084 2975 1187 domus

859 1203 1406 1301 amplitudinem
1439 1228 1620 1301 rupe
1669 1227 1844 1275 caesa
1888 1202 2244 1294 extendit3
2296 1215 2608 1295 antrum,
2652 1217 2734 1272 ut
2772 1217 2979 1299 puta-

859 1336 1003 1413 tur,
1028 1321 1420 1415 fatidicum,
1459 1324 1530 1394 in
1566 1346 1715 1419 quo
1747 1319 2085 1419 Apollinis
2116 1320 2400 1393 oracula
2428 1332 2828 1411 sumantur,
2850 1333 2976 1390 aut

861 1436 953 1510 de
984 1464 1130 1537 quo
1165 1440 1339 1511 dicit
1361 1443 1727 1511 Lucanus:

1105 1668 1517 1691 .......
1563 1631 1739 1699 Nam,
1770 1631 2021 1703 quamvis
2048 1626 2321 1685 Thessala
2353 1638 2504 1684 vates

1101 1728 1160 1779 V
1155 1728 1233 1778 im
1265 1723 1447 1796 faeiat
1471 1722 1637 1797 fatis,
1654 1719 1884 1777 dubium
1912 1732 1999 1777 est
2023 1722 2167 1795 quid
2194 1725 2443 1777 traxerit
2472 1723 2626 1793 illuc,

1099 1819 1363 1890 Aspiciat
1385 1817 1643 1891 Stygias,
1674 1834 1752 1870 an
1775 1814 1929 1891 qaod
1950 1816 2301 1869 descenderit
2327 1810 2553 1869 umbras
2570 1812 2615 1875 ².

859 1981 1047 2052 Hinc
1084 1980 1380 2052 forsitan
1428 1980 1574 2050 itur
1619 1977 1713 2050 ad
1751 2002 2025 2050 manes.
2082 1978 2297 2074 Cujus
2350 1975 2670 2069 fautiosi,
2722 1977 2873 2049 Diis
2908 1992 2979 2048 et

857 2096 1276 2170 hominibus
1295 2098 1487 2168 exosi
1505 2092 1756 2193 oppidi
1774 2118 2142 2192 possessor
2166 2093 2463 2184 Gnido⁸,
2487 2091 2697 2165 bonae
2720 2092 2977 2165 indolis

859 2212 1298 2301 adolescen3‚
1339 2227 1874 2284 antecessorum
1904 2208 2271 2307 nequitiae,
2311 2226 2524 2308 rupta
2554 2211 2973 2309 propagine,

858 2329 1157 2414 alienuS,
1194 2354 1362 2401 cum
1388 2328 1692 2400 honeste
1722 2342 1795 2399 et
1828 2326 2097 2423 absque
2128 2326 2401 2398 miserae
2430 2326 2842 2425 'rapacitatis
2876 2327 2981 2397 in-

860 2443 1092 2539 gluyie
1142 2444 1365 2516 vitam
1416 2442 1671 2537 degere
1730 2442 2185 2533 instituisset,
2238 2440 2525 2513 infausti
2574 2440 2717 2513 loci
2764 2441 2981 2512 inter-

860 2576 1108 2659 ceptus
1153 2559 1553 2631 calamitate
1577 2615 1595 2650 ,
1656 2557 1885 2629 soceri
1933 2558 2041 2629 sui
2096 2557 2515 2655 nequitioris
2566 2557 2978 2654 nequissimi

859 2676 1265 2774 proditione
1303 2674 1794 2763 detruncatuS,
1830 2688 1902 2745 et
1936 2674 2178 2745 locum
2224 2689 2294 2745 et
2326 2698 2707 2771 personam
2746 2686 2981 2745 morte

859 2793 1227 2890 inopinata
1246 2790 1533 2863 amisit‘.
1569 2789 1992 2861 Guillelmus
2018 2788 2375 2887 siquidem
2400 2792 2651 2883 gener⁸
2668 2790 2849 2886 ejuS,
2875 2814 2984 2885 ge-

859 2930 1033 2979 nere
1059 2910 1542 2997 NormannuS,
1572 2905 1897 3003 proditor
1936 2904 2537 3004 incomparabiliS,
2572 2919 2653 2977 ut
2688 2904 2987 3002 putaba-

863 3043 1004 3114 tur,
1033 3028 1397 3101 familiaris
1416 3043 1485 3101 et
1503 3030 1972 3126 amicissimus
2000 3030 2179 3126 ejus,
2200 3053 2369 3102 cum
2388 3030 2829 3128 concepisset
2844 3029 2985 3103 do-

861 3144 1090 3217 lorem
1127 3161 1197 3218 et
1227 3145 1610 3245 peperisset
1629 3146 2077 3245 iniquitatem
2094 3149 2141 3239 ⁸,
2170 3146 2589 3245 crepusculo
2610 3144 2988 3245 cujusdam

861 3260 1204 3334 dominici
1230 3261 1400 3351 diei,
1421 3276 1673 3334 nactus
1693 3262 2121 3361 proditionis
2142 3254 2792 3361 opportunitatem,
2812 3286 2991 3334 cum

860 3377 972 3448 his
1003 3376 1127 3474 qui
1151 3377 1554 3450 devotiores
1579 3378 1796 3476 primi
1832 3377 1924 3449 ad
1951 3378 2322 3452 ecclesiam
2340 3436 2358 3470 ,
2398 3378 2684 3450 domui⁷
2714 3376 2998 3449 Gnido-

859 3494 970 3565 nis
995 3494 1250 3591 partita
1281 3517 1462 3592 rupe
1493 3494 1930 3589 contiguam,
1964 3494 2513 3589 conveniebant,
2556 3509 2629 3566 et
2662 3495 2813 3591 ipse
2854 3493 2987 3566 sed

861 3607 1316 3700 dissimiliter,
1364 3610 1699 3684 loricatus
1737 3610 1861 3681 sed
1895 3626 2274 3708 cappatus,
2312 3636 2481 3684 cum
2517 3610 2993 3708 proditorum

863 3725 1230 3822 manipulo
1244 3726 1585 3797 convenit
1604 3752 1620 3795 :
1652 3740 1727 3797 et
1744 3724 1920 3797 dum
1934 3726 2050 3798 alii
2068 3727 2404 3818 orationi,
2427 3727 2579 3825 ipse
2594 3724 2994 3823 aliquando

947 3962 1006 4017 1.
1047 3960 1210 4017 Nunc
1237 3956 1409 4045 etiam
1432 3964 1522 4017 La
1551 3960 1967 4037 Roche-Guyon
1993 3959 2500 4041 (Seiae-et-Oise).

943 4057 1004 4113 2.
1036 4052 1256 4112 Lucani
1280 4054 1518 4124 Phar-sn,
1539 4051 1643 4114 lib.
1676 4058 1775 4115 VI.
1808 4086 1883 4099 —
1906 4059 1963 4116 3.
1992 4059 2171 4117 Wido
2200 4057 2420 4116 12710.

945 4150 1006 4206 4.
1048 4148 1217 4205 Anno
1245 4148 1424 4205 1100.
1456 4180 1539 4191 —
1566 4151 1626 4207 5.
1656 4148 1986 4225 Legendum
2014 4170 2185 4209 socer.

946 4247 1008 4302 6.
1057 4266 1086 4295 α
1116 4244 1381 4317 Concepit
1405 4244 1649 4300 dolorem
1683 4256 1740 4301 et
1763 4250 1994 4320 peperit
2026 4250 2407 4321 iniquitatem.
2441 4268 2469 4296 ι
2506 4243 2720 4302 Psalm.
2753 4263 2861 4313 vn,
2886 4246 2905 4299 l
2926 4246 2998 4303 5.

948 4342 1007 4395 7.
1051 4334 1168 4397 Sic.
1202 4337 1377 4399 codd.
1420 4355 1618 4397 omnes
1646 4350 1816 4415 atque
1838 4338 1976 4402 edit.
2017 4339 2239 4400 Bened.
2274 4372 2345 4384 —
2370 4342 2605 4399 Domini
2645 4335 2819 4415 reliq.
2845 4336 2997 4396 edd.
