3275 5317
1006 525 1128 581 VIE
1168 524 1270 582 DE
1307 520 1530 583 Loms
1567 526 1661 585 LE
1702 524 1921 588 altos,
2442 532 2519 589 23

409 659 654 733 inituri
683 680 850 730 cum
879 681 992 747 ec,
1021 672 1574 754 prosequuntur.
1613 662 1766 731 Hoc
1797 683 2025 731 unum
2050 675 2319 735 mutuae
2354 686 2521 735 con-

412 775 748 871 gressioni
781 772 1058 865 oberat,
1094 770 1294 868 quod
1316 773 1500 844 inter
1532 774 1717 845 acies
1748 776 2120 873 utriusque
2134 777 2357 874 partis
2380 791 2521 849 tor·

408 916 575 963 rens
593 887 795 961 tarde
816 888 1193 959 transitum
1227 888 1597 985 porrigens
1614 892 1994 962 convenire
2017 890 2455 989 prohibebat
2469 898 2512 964 ¹.

410 1007 526 1077 Sic
558 1019 856 1102 utraque
899 1002 1186 1075 classica
1226 1018 1300 1074 et
1331 1002 1496 1101 pila
1539 1006 1890 1077 minantia
1926 1004 2135 1103 pc'laelr’
2174 1007 2407 1105 prima
2446 1022 2518 1079 et

406 1120 626 1193 altera
656 1119 775 1192 die
805 1144 880 1192 se
907 1119 1436 1217 conspicantur,
1473 1143 1640 1190 cum
1664 1119 1903 1191 subito
1934 1120 2127 1193 venit
2168 1119 2262 1191 ad
2306 1125 2521 1195 Fran-

408 1260 531 1309 cos
552 1234 848 1334 quidam
870 1234 1231 1330 joculator
1267 1232 1540 1331 probus
1569 1234 1775 1307 miles
1818 1234 1914 1307 ab
1941 1237 2266 1335 opposita
2283 1252 2511 1334 parte,

405 1352 744 1424 nuntians
764 1348 1338 1445 irrefragabiliter
1352 1350 1588 1447 primo
1607 1332 1754 1447 quo
1780 1351 2218 1423 inveniretur
2233 1376 2517 1425 accessu

407 1493 528 1539 eos
561 1467 1038 1556 committere,
1076 1481 1149 1538 et
1175 1465 1446 1537 illatam
1475 1490 1609 1564 pro
1637 1466 1967 1540 libertate
1998 1468 2330 1564 injuriam
2358 1470 2519 1543 has-

407 1584 498 1655 tis
519 1597 594 1655 et
616 1582 868 1680 gladiis
893 1581 1281 1671 vindicare,
1319 1604 1536 1678 seque
1561 1582 1657 1653 ad
1688 1583 2084 1655 naturalem
2102 1582 2509 1679 dominum,

406 1714 490 1772 ut
518 1724 652 1798 pro
688 1723 778 1771 eo
803 1714 878 1771 et
903 1722 1072 1771 cum
1103 1722 1192 1769 eo
1234 1695 1552 1787 dimicet,
1614 1722 1737 1770 eos
1764 1698 2135 1773 dimisisse.
2186 1704 2514 1773 Insonuit

405 1840 657 1903 rumor
686 1839 816 1914 per
845 1814 1153 1887 tentoria
1179 1827 1606 1906 castrorum,
1644 1827 1716 1886 et
1731 1815 2043 1889 militum
2070 1816 2363 1888 audacia
2392 1818 2516 1888 tri·

403 1929 680 2029 pudiat.
744 1930 1149 2002 Loricarum
1193 1943 1266 2001 et
1301 1928 1658 2024 galearum
1716 1930 2087 2029 splendida
2125 1931 2519 2030 pulchritu-

295 2039 314 2046 ’
409 2042 580 2115 dine
611 2067 684 2113 se
718 2058 1083 2134 exornant,
1121 2043 1643 2115 animositatem
1670 2046 2047 2140 exagitant,
2080 2060 2177 2134 et,
2228 2046 2285 2117 si
2328 2045 2516 2116 forte

409 2159 744 2230 transitus
779 2159 878 2230 eis
903 2172 1256 2247 occurrat,
1290 2173 1681 2231 torrentem
1712 2160 2062 2231 transilire
2083 2159 2510 2248 accelerant,

405 2272 703 2369 dignum
731 2272 1074 2345 ducentes
1123 2273 1347 2367 magis
1378 2288 1462 2344 ut
1493 2272 1736 2345 hostes
1765 2274 2267 2370 aggrediantur
2299 2296 2519 2369 quam

405 2388 602 2486 quod
659 2415 733 2462 se
781 2388 1192 2462 defendant.
1255 2386 1470 2476 Quod
1521 2388 1847 2461 videntes
1896 2386 2320 2459 nobilissimi
2384 2389 2517 2461 viri

404 2508 903 2599 Engerrannus
939 2502 1030 2575 de
1064 2508 1278 2594 Bova,
1312 2501 1572 2575 Ebalus
1595 2502 1685 2575 de
1712 2503 2045 2594 Ruciaco,
2096 2528 2335 2575 comes
2384 2506 2517 2575 An-

407 2617 614 2689 dreas
651 2618 744 2689 de
777 2618 1134 2707 Rameru⁸‚
1159 2620 1362 2711 Hugo
1387 2614 1610 2687 Albus
1637 2616 1725 2689 de
1746 2615 2133 2708 Firmitate,
2160 2616 2510 2690 Robertus

409 2729 500 2803 de
531 2733 897 2830 Capiaco⁴,
949 2746 1020 2803 et
1065 2732 1181 2803 alii
1231 2732 1580 2830 sapientes
1634 2745 1705 2803 et
1760 2732 2083 2822 discreti,
2142 2733 2516 2806 audaciam

405 2843 753 2941 designati
785 2844 1060 2917 domini
1091 2846 1546 2938 admiranteS,
1583 2846 1909 2917 consulte
1936 2847 1999 2918 ei
2050 2846 2325 2919 deferre
2380 2847 2515 2919 ele-

406 2975 694 3054 gerunt3
724 2976 796 3032 et
826 2958 1117 3058 pacifice
1142 2960 1235 3031 ad
1267 2983 1433 3032 eum
1468 2960 1855 3050 venientes,
1876 2960 2327 3058 pubertatem
2360 2963 2513 3060 ejus

405 3075 784 3173 amplexati
809 3088 1000 3166 sunt,
1032 3074 1453 3171 dextrasque
1483 3075 1811 3171 amicitiae
1841 3077 2350 3150 contendentes
2366 3082 2411 3171 ⁸,
2438 3104 2513 3150 se

403 3207 476 3265 et
499 3216 666 3264 suos
702 3191 850 3288 ejus
894 3191 1184 3263 servitio
1231 3189 1801 3289 spoponderunt.
1864 3196 2004 3264 Nec
2054 3192 2281 3265 multo
2317 3208 2507 3292 post,

405 3322 487 3379 ut
516 3306 770 3380 divinae
789 3305 1185 3378 ascribatur
1214 3305 1562 3378 voluntati
1590 3308 1978 3405 impiorum
2017 3306 2416 3398 subversio,
2442 3322 2515 3380 et

486 3582 515 3637 1
532 3622 548 3639 .
589 3578 890 3640 Prohibent
916 3582 1055 3653 135,
1077 3592 1248 3656 atque
1276 3579 1410 3641 edd.
1443 3578 1648 3639 Chesn.
1688 3589 1748 3636 et
1773 3580 1973 3638 Germ.

489 3677 547 3733 2.
583 3671 800 3731 Lucani
822 3674 1056 3744 Phara,
1081 3670 1187 3730 lib.
1216 3675 1264 3743 1,
1294 3692 1353 3730 v.
1390 3674 1448 3731 7.

491 3770 549 3827 3.
589 3770 866 3823 Romen-u
893 3766 1074 3823 6265.
1091 3796 1172 3809 -
1189 3768 1457 3822 Rameriu
1487 3769 1626 3825 135.
1649 3796 1730 3811 -—
1751 3770 2007 3824 Ramerc'i
2033 3766 2187 3824 5925
2211 3776 2271 3825 et
2290 3766 2515 3830 12710.

404 3861 590 3930 Nunc,
617 3857 818 3935 vulgo,
844 3862 1152 3934 Ramerupt
1169 3856 1403 3937 (Aube).

491 3954 550 4009 4.
592 3954 757 4008 Nunc
785 3952 990 4024 cappy
1025 3947 1311 4028 (Somme).
1361 3952 1428 4008 In
1469 3948 1728 4024 margine
1762 3946 2094 4007 Chesnianae
2133 3948 2400 4009 editionis
2434 3947 2521 4008 le-

409 4052 662 4119 guntur:
688 4040 958 4101 Robertus
982 4043 1056 4099 de
1079 4045 1326 4114 Pet-ond,
1347 4042 1604 4099 dominus
1620 4044 1865 4117 Capiaci
1874 4062 1896 4117 ;
1914 4061 2039 4118 quae
2059 4042 2345 4102 nescimus
2366 4040 2521 4100 unde

409 4133 600 4193 editor
625 4132 727 4192 ille
748 4132 1030 4193 hauserit.

493 4229 551 4283 5.
599 4226 1006 4284 contradentes
1031 4223 1167 4285 edd.
1201 4225 1410 4286 Chesn.
1439 4244 1506 4283 ac
1531 4224 1830 4287 Benedict.
