3275 5317
933 580 1059 637 VIE
1098 581 1199 637 DE
1237 580 1461 639 Loms
1498 582 1593 641 LE
1634 584 1852 643 GROS.
2377 590 2452 647 73

345 726 689 810 suscepta,
743 708 921 781 nihil
962 708 1547 784 inconvenienter
1588 713 2002 811 suscipienS,
2056 716 2453 789 recedenti-

346 826 485 897 bus
513 826 819 925 praelatis
859 824 1193 918 ecclesiae,
1248 826 1784 924 archiepiscopo
1834 830 2254 923 Senonensi,
2310 832 2456 929 epi-

347 924 565 1039 scopo
608 938 1115 1025 Aurelianensi,
1153 942 1576 1013 Carnotensi
1610 942 1998 1015 venerabili
2039 948 2285 1037 lvone,
2327 946 2456 1042 qui

344 1070 577 1127 tentus
612 1054 839 1127 fuerat
875 1078 1185 1144 carcere,
1226 1079 1443 1151 quem
1480 1070 1766 1129 coactus
1815 1055 2076 1129 fecerat
2113 1058 2340 1155 pingi¹
2374 1059 2448 1129 in

344 1170 599 1243 eodem
626 1168 913 1241 oestello
945 1168 1193 1240 multis
1221 1169 1500 1262 diebuS,
1548 1195 1900 1243 consensu
1933 1172 2144 1243 bonae
2175 1196 2453 1244 memo-

344 1287 465 1358 riae
500 1283 779 1357 abbatis
809 1283 977 1355 Adae
1012 1286 1471 1357 antecessoris
1509 1287 1764 1377 nostri,
1813 1286 2084 1359 remisit
2117 1310 2238 1358 me
2272 1290 2452 1358 Tau-

343 1402 679 1492 riacum’,
706 1401 820 1472 cui
847 1424 1187 1496 praeeram
1228 1402 1303 1471 in
1358 1401 1584 1493 Belsa,
1617 1402 1858 1473 villam
1896 1401 2084 1473 beati
2134 1402 2456 1500 Dionysii

344 1514 594 1586 utilem
621 1527 695 1585 et
721 1535 1017 1583 annonae
1040 1511 1371 1603 fertilem,
1409 1514 1534 1585 sed
1560 1513 1764 1585 nullo
1801 1513 2022 1587 modo
2049 1515 2398 1586 munitam
2433 1541 2454 1603 ;
2537 1560 2545 1566 -

344 1628 755 1726 praecipiens
785 1642 889 1717 ut,
929 1628 1109 1699 dum
1136 1628 1287 1725 ipse
1326 1652 1491 1701 eum
1523 1627 1760 1701 adhuc
1793 1628 1886 1700 ad
1921 1652 2206 1701 causam
2245 1652 2460 1725 super

342 1743 459 1817 his
488 1757 799 1829 vocaret,
856 1742 1037 1813 villae
1080 1741 1564 1840 providerem,
1623 1743 2004 1815 hominum
2047 1766 2345 1815 suorum
2386 1760 2459 1816 et

342 1873 757 1931 nostrorum
780 1884 999 1931 manu
1032 1854 1318 1931 militari
1362 1885 1495 1958 pro
1529 1885 1740 1959 posse
1769 1859 2115 1952 fulcitam,
2157 1885 2249 1931 ne
2298 1882 2458 1931 eam

342 1974 681 2047 incendio
729 1972 1169 2065 dissolveret,
1203 1998 1497 2073 operam
1543 1976 1830 2048 darem:
1871 2000 2030 2048 eam
2067 1976 2260 2047 enim
2299 2000 2457 2047 mu-

344 2092 557 2181 niret,
586 2104 682 2179 et,
720 2090 899 2163 sicut
924 2106 1124 2189 pater
1152 2091 1437 2182 fecerat,
1460 2106 1774 2163 castrum
1794 2090 1961 2163 inde
1981 2092 2452 2188 impugnaret.

347 2202 562 2291 Quod
603 2229 769 2276 cum
814 2230 975 2295 nOS,
1018 2210 1177 2277 Deo
1208 2205 1610 2297 auxiliante,
1667 2204 1972 2277 militum
2015 2218 2086 2275 et
2133 2203 2460 2301 peditum

343 2321 543 2418 copia
580 2320 767 2393 bene
792 2320 1303 2419 aliquantisper
1330 2322 1675 2419 temporis
1702 2320 2226 2417 compleremus
2242 2373 2262 2404 ‚
2298 2342 2464 2388 con·

343 2450 699 2507 summato
728 2437 1049 2531 Hugonis
1086 2460 1218 2534 per
1242 2435 1812 2507 absentationem
1864 2437 1972 2505 sui
2011 2430 2310 2529 judicio,
2340 2456 2462 2503 rex

343 2550 435 2623 ad
477 2576 615 2623 nos
636 2552 1063 2622 Tauriacum
1096 2574 1362 2645 magno
1401 2573 1570 2621 cum
1612 2549 1921 2620 exercitu
1970 2546 2284 2635 devenit,
2319 2571 2464 2617 cas·-

347 2680 543 2736 trum
568 2661 1057 2757 abjudicatum
1082 2663 1175 2733 ab
1205 2662 1327 2733 illo
1356 2666 1657 2757 Hugone
1682 2662 1990 2759 repetiit.
2041 2664 2182 2731 Nec
2223 2682 2457 2751 mora,

346 2800 519 2849 cum
546 2777 735 2847 exire
756 2790 1137 2868 recusaret,
1167 2802 1289 2847 rex
1314 2792 1626 2849 maturat
1651 2776 1930 2872 aggredi
1950 2790 2288 2865 castrum,
2315 2788 2460 2845 tam

346 2890 735 2961 militarem
767 2914 985 2987 quam
1011 2890 1413 2987 pedestrem
1440 2892 1505 2961 ei
1532 2889 1840 2989 applicat
1869 2890 2284 2976 exercitum,
2335 2886 2460 2960 ba-

344 3005 583 3077 listam
634 3004 1131 3103 multiplicem,
1176 3030 1452 3095 arcum,
1498 3021 1808 3094 scutum,
1869 3020 1942 3075 et
1985 3001 2325 3099 gladium,
2388 3018 2461 3075 et

346 3120 659 3193 bellum⁸
717 3150 732 3192 :
799 3136 881 3193 ut
927 3120 1209 3193 videres
1249 3135 1322 3192 et
1365 3121 1633 3193 valeres
1686 3120 1934 3191 mirari
1994 3118 2300 3190 vicissim
2355 3142 2462 3191 sa-

348 3238 717 3333 gittarum*
752 3236 1091 3327 imbrem,
1158 3236 1521 3331 galearum
1576 3236 2085 3331 fulgurantium
2138 3232 2464 3331 superius

347 3351 729 3427 scintillare
804 3350 1049 3423 multis
1116 3350 1379 3423 ictibus
1456 3352 1694 3446 ignem
1715 3404 1734 3441 ,
1817 3363 2188 3421 scutorum
2253 3345 2454 3416 subi-

346 3482 497 3540 tam
544 3482 619 3541 et
637 3466 1067 3553 0mirabilem
1114 3464 1678 3539 confractionem
1738 3478 1808 3535 et
1863 3461 2456 3561 perforationem,

349 3599 445 3673 et,
482 3598 565 3655 ut
611 3582 901 3680 impulsi
937 3596 1103 3653 sunt
1132 3605 1261 3679 per
1298 3594 1581 3679 portam
1634 3580 1710 3649 in
1742 3592 2086 3663 castrum,
2123 3573 2216 3644 ab
2267 3572 2459 3643 intus

350 3714 563 3796 super
630 3714 917 3772 nostros
943 3700 965 3735 ⁸
996 3694 1088 3766 de
1162 3694 1712 3794 propugnaculis
1781 3708 1852 3764 et
1919 3686 2173 3785 glande
2245 3688 2460 3760 mira-

429 3907 459 3961 1
476 3949 491 3965 .
518 3902 587 3961 ld
609 3914 697 3961 est
722 3906 1024 3979 compingi.

429 3998 490 4054 2.
523 4000 627 4053 Me
669 4000 729 4051 in
778 3998 1111 4053 Taurica-um
1156 3992 1291 4053 edd.
1342 3991 1550 4051 Chesn.
1578 4002 1637 4047 et
1663 3987 1956 4047 Benedict.
1975 4018 2054 4032 —
2071 3984 2240 4049 Nunc
2274 3991 2460 4058 Tomy

350 4086 431 4165 (E
432 4088 819 4165 ure-ee-Loir)
831 4133 842 4145 .

430 4186 487 4243 3.
520 4184 656 4239 Haec
680 4180 870 4259 prima
892 4180 1109 4239 Puteoli
1133 4180 1357 4239 obsidio
1383 4195 1539 4237 anno
1564 4179 1710 4239 1111
1743 4185 2008 4251 suscepta
2032 4184 2135 4230 est.

429 4278 489 4333 4.
522 4278 869 4351 Sagittarem
894 4276 1201 4337 12710.—
1221 4278 1279 4335 5.
1296 4278 1417 4333 Nos
1441 4271 1537 4335 ed.
1569 4271 2106 4335 Genu-Nostros
2123 4262 2217 4323 ed.
2246 4260 2456 4323 Chesn.
