3275 5317
808 580 923 637 214
1244 574 1579 633 osums
1618 555 2048 631 counimus
2087 572 2188 629 nn
2229 572 2499 631 suern.

806 709 921 781 tiae
948 708 1204 780 merito
1240 706 1429 777 uniri
1462 704 1934 801 gratulantur.
1967 701 2186 792 Quod
2213 719 2452 775 tamen
2493 703 2925 779 conditionis

806 826 1057 926 primae
1107 822 1571 919 corruptione
1610 819 1942 918 depressa
1983 834 2055 891 et
2100 819 2408 914 graviter
2445 821 2760 895 sauciata
2793 821 2924 894 hu-

806 941 1111 1014 manitas
1132 992 1153 1030 ,
1208 937 1579 1035 prasentia
1622 936 1864 1035 potius
1924 934 2362 1033 amplectens
2413 960 2635 1033 quam
2687 936 2926 1009 futura

808 1069 1210 1155 expectanS‚
1242 1052 1446 1124 nullo
1474 1050 1700 1125 modo
1733 1052 2144 1141 sustineret,
2183 1051 2244 1122 si
2275 1075 2422 1123 non
2459 1052 2676 1124 etiam
2713 1053 2926 1125 ratio·

808 1174 919 1243 nis
956 1185 1030 1242 et
1054 1168 1529 1263 mtessigentiae
1561 1167 1894 1240 humanae
1927 1165 2374 1239 rationabilis
2396 1192 2695 1239 summae
2723 1183 2798 1241 et
2829 1168 2930 1241 di-
3007 1220 3026 1235 .

808 1288 991 1359 vinae
1017 1284 1327 1357 caritatis
1355 1284 1644 1382 copiosa
1660 1281 2184 1353 administratio
2210 1282 2353 1354 hoc
2379 1282 2620 1379 ipsum
2647 1283 2928 1355 effectui

808 1402 1218 1499 mancipare
1250 1398 1810 1472 misericorditer
1841 1396 2350 1497 suppeditaret.
2387 1397 2594 1471 Unde
2634 1399 2922 1494 legitur=

812 1512 1307 1588 Misericordia
1356 1513 1511 1611 ejus
1552 1538 1767 1609 super
1815 1516 2060 1585 omnia
2105 1538 2325 1611 opera
2373 1514 2531 1611 ejus
2567 1519 2612 1585 ¹.
2650 1518 2756 1585 Ex
2785 1540 2928 1613 quo

813 1631 1109 1730 quidem
1139 1638 1326 1725 {cum
1373 1628 1529 1702 aliis
1571 1626 1912 1701 audacter
1957 1644 2030 1700 et
2081 1630 2422 1701 veraciter
2472 1629 2924 1728 profitemur,

816 1746 1019 1845 quod
1048 1760 1317 1844 quanto
1349 1744 1498 1819 sola
1529 1744 2020 1817 misericordia
2051 1744 2282 1818 salvos
2313 1770 2446 1817 nos
2482 1746 2654 1818 facit
2685 1770 2814 1845 per
2844 1746 2930 1819 la-

814 1886 1113 1936 vacrum
1154 1861 1702 1957 regenerationis
1734 1876 1806 1933 et
1836 1862 2317 1933 renovationis
2349 1862 2652 1960 Spiritus
2677 1865 2926 1954 sancti,

816 1993 1015 2052 tanto
1043 2002 1176 2049 nos
1212 1978 1608 2073 gratissimo
1645 1976 2026 2074 purificatae
2057 1977 2318 2048 mentis
2342 1976 2764 2051 holocausto
2803 2004 2926 2077 pm

818 2110 973 2167 toto
1006 2093 1183 2165 velle
1206 2108 1279 2165 et
1303 2116 1510 2191 posse
1526 2094 1876 2191 justitiam
1907 2108 2253 2184 nostram,
2273 2108 2928 2192 quantumcumque

820 2225 891 2281 et
926 2210 1074 2307 ipse
1110 2208 1412 2299 dederit,
1464 2209 1765 2308 supplici
1803 2210 1868 2279 ei
1901 2207 2284 2281 devotione
2315 2208 2580 2281 offerre
2611 2208 2925 2283 elabore-

818 2348 982 2396 mus
1011 2340 1128 2395 :ut
1162 2324 1310 2421 ipse
1334 2324 1459 2421 qui
1488 2339 1730 2423 potest
1761 2337 1840 2395 ut
1863 2328 2081 2415 Deus,
2113 2326 2235 2423 qui
2269 2324 2483 2397 debet
2513 2339 2598 2396 ut
2629 2340 2920 2417 creator,

820 2442 879 2510 si
913 2464 1060 2511 non
1095 2439 1513 2529 resistimuS,
1558 2438 2048 2539 disparitatem
2093 2442 2302 2513 istam
2345 2441 2816 2538 periculosam
2856 2442 2924 2513 in

820 2553 1032 2626 nobis
1090 2554 1449 2651 parificet,
1508 2556 2031 2628 contrarietatis
2089 2557 2438 2629 intestinae
2487 2557 2922 2645 inimicitias,

820 2690 997 2763 quas
1036 2667 1112 2737 in
1157 2666 1479 2738 amicitiae
1512 2667 1573 2763 ej
1583 2692 1666 2738 us
1699 2668 2074 2739 amissione
2097 2669 2328 2768 prima
2358 2670 2928 2766 praevaricatione

820 2782 1279 2873 incurrimus»,
1306 2806 1390 2853 ea
1408 2781 1757 2854 ineffabili
1789 2784 2078 2857 caritate
2098 2807 2242 2881 qua
2260 2784 2710 2857 divinitatem
2737 2809 2928 2857 suam

820 2898 1185 2993 captivatae
1220 2898 1923 2971 humanitatinostrae
1949 2900 2404 2973 ineffabiliter
2417 2914 2490 2971 et
2507 2900 2932 2998 inseparabi-

819 3013 980 3111 liter
1000 3013 1253 3103 univit,
1276 3014 1639 3107 dissolvat,
1660 3016 1890 3114 sopita
1902 3015 2330 3088 carnalitatis
2351 3016 2770 3111 gravissima
2783 3041 2930 3089 mo·

820 3126 1046 3217 lestia,
1090 3129 1545 3226 tumultuque
1578 3131 1916 3203 vitiorum
1948 3130 2220 3223 sedato,
2247 3145 2499 3229 pacato
2524 3131 2930 3204 habitaculo

821 3242 1158 3315 interiora
1201 3248 1662 3343 repugnantia
1713 3246 2077 3345 pacificet;
2125 3261 2201 3318 ut
2240 3264 2482 3320 mente
2519 3262 2592 3320 et
2633 3272 2932 3347 corpore

820 3358 1157 3457 expediti,
1178 3376 1452 3455 gratam
1472 3362 1538 3433 ei
1556 3362 1942 3434 offerentes
1964 3364 2400 3451 servitutem,
2421 3363 2936 3435 beneficiorum

821 3474 1039 3545 etiam
1068 3476 1586 3549 immensorum
1628 3478 1779 3574 ejus
1818 3479 2006 3550 circa
2034 3503 2168 3549 nos
2201 3493 2273 3550 et
2314 3478 2633 3550 nobilem
2663 3480 2784 3551 cui
2809 3502 2938 3549 nos

820 3590 1136 3687 praeferri
1209 3594 1540 3665 sustinuit
1602 3593 1974 3666 ecclesiam
2029 3594 2374 3693 replicare
2437 3608 2508 3667 et
2547 3592 2936 3693 praedicare

820 3703 1182 3778 valeamus
1213 3707 1633 3803 largitatem.
1675 3714 1796 3798 Ne,
1835 3710 1895 3781 si
1933 3711 2118 3781 muti
2149 3711 2224 3781 in
2256 3708 2540 3782 laudem
2574 3711 2726 3806 ejus
2759 3712 2934 3782 exti-

820 3821 1145 3913 terimus,
1176 3822 1694 3897 beneficiorum
1736 3824 1888 3922 ejus
1917 3824 2016 3897 ob
2055 3824 2195 3897 hoc
2235 3824 2594 3897 defectum
2626 3826 2936 3898 incurra-

822 3961 1010 4026 muS,
1047 3954 1121 4011 et
1155 3964 1407 4012 vocem
1442 3940 1641 4013 illam
1691 3941 2107 4013 terribiliter
2157 3940 2530 4013 audiamus
2573 3969 2590 4012 :
2637 3946 2804 4013 Non
2827 3956 2934 4010 esc

824 4054 1144 4125 inventus
1174 4058 1304 4153 qui
1326 4054 1595 4127 rediret
1616 4074 1692 4129 et
1707 4054 1912 4129 daret
1931 4056 2239 4156 gloriam
2267 4062 2416 4129 Deo
2444 4060 2490 4129 ¹.

898 4290 959 4346 1.
981 4284 1191 4351 Psalm.
1216 4306 1415 4362 cxmv,
1447 4294 1505 4349 9.
1532 4320 1609 4334 -
1628 4291 1690 4353 2.
1721 4292 1890 4348 Lucae
1909 4292 2154 4365 Evaug.,
2181 4308 2329 4367 xvn,
2359 4290 2456 4351 18.
