3275 5317
820 503 935 562 168
1254 503 1575 562 oeuvnns
1617 485 2041 559 compfflms
2074 480 2186 555 'ns
2226 498 2492 557 scona.

1478 772 1600 840 XI.
1655 772 1760 838 De
1807 764 2237 839 Monarvilla
2260 768 2305 837 ¹.

918 996 1259 1071 Succedit·
1296 1010 1369 1070 et
1412 996 1547 1069 alia
1596 1022 1826 1097 prope
1871 996 2070 1070 illam
2105 995 2298 1069 beati
2349 997 2674 1094 Dionysii
2723 995 2945 1086 villa,

821 1138 981 1212 quae
998 1111 1260 1185 dicitur
1290 1112 1737 1203 Monarvilla,
1756 1111 1923 1184 villa
1940 1113 2269 1184 omnium
2297 1111 2484 1185 facta
2507 1112 2944 1203 miserrima,

822 1253 981 1329 quae
1011 1227 1147 1300 sub
1174 1228 1351 1325 jugo
1382 1228 1595 1301 castri
1626 1226 2033 1299 Merevillae⁸
2061 1226 2480 1301 conculcata
2510 1251 2661 1299 non
2701 1226 2950 1298 minus

823 1369 1043 1442 quam
1092 1348 1648 1417 sarracenorum
1700 1342 2157 1441 depressione
2209 1342 2709 1432 mendicabat;
2775 1366 2944 1415 cum

826 1459 1145 1556 ejusdem
1199 1462 1407 1533 castri
1456 1458 1820 1550 dominuS,
1870 1458 2516 1558 quotienscumque
2565 1457 2824 1548 vellet,
2875 1460 2944 1529 iu

826 1574 1073 1647 eadem
1110 1574 1513 1675 hospicium
1549 1599 1717 1647 cum
1769 1574 2344 1673 quibuscumque
2385 1572 2599 1647 vellet
2627 1590 2941 1671 raperet,

828 1692 1260 1764 rusticorum
1291 1690 1482 1763 bona
1514 1690 1733 1790 pleno
1771 1715 1895 1763 ore
1936 1690 2338 1777 devoraret,
2381 1689 2652 1761 talliam
2707 1705 2784 1761 et
2825 1714 2946 1761 an-

830 1830 1099 1878 nonam
1134 1821 1457 1903 tempore
1495 1808 1742 1878 messis
1777 1831 1914 1904 pro
1950 1804 2468 1878 consuetudine
2517 1819 2940 1903 asportaret,

832 1921 1125 2017 lignaria
1156 1946 1284 1995 sua
1319 1922 1432 1994 bis
1464 1937 1588 1994 aut
1616 1937 1725 1994 ter
1750 1923 1826 1993 in
1869 1946 2060 1994 anno
2094 1946 2552 1993 carrucarum
2587 1920 2777 1993 villae
2817 1920 2946 1993 dis-

832 2036 1101 2137 pendio
1114 2051 1543 2133 aggregaret,
1569 2062 1985 2135 porcorum,
2004 2061 2382 2133 agnorum,
2419 2061 2784 2125 anserum,
2819 2037 2947 2131 gal-

834 2152 1169 2243 linarum,
1206 2152 1700 2252 importabiles
1746 2177 2065 2250 quasque
2095 2152 2454 2225 molestias
2494 2176 2629 2250 pro
2661 2175 2948 2224 consue·

840 2265 1086 2340 tudine
1120 2268 1423 2340 tolleret.
1450 2272 1625 2356 Quae
1655 2292 1823 2341 cum
1854 2283 2052 2339 tanta
2082 2268 2543 2367 oppressione
2571 2292 2705 2365 per
2729 2266 2947 2338 multa

840 2398 1167 2480 tempora
1193 2384 1267 2454 in
1304 2382 1762 2456 solitudinem
1789 2384 1936 2456 fere
1947 2384 2099 2481 jam
2126 2381 2594 2481 redigeretur,
2617 2382 2950 2455 audacter

840 2498 1189 2586 resistere,
1223 2514 1293 2571 et
1328 2497 1689 2571 molestias
1721 2497 2132 2595 hujusmodi
2164 2496 2256 2570 ab
2279 2495 2692 2569 hae'reditate
2719 2512 2950 2570 sancta

842 2627 1253 2685 constanter
1306 2614 1772 2686 exterminare
1826 2612 2190 2710 elegimus.
2255 2616 2581 2711 Cumque
2649 2638 2823 2685 eum
2884 2614 2948 2683 in

844 2752 1131 2800 causam
1164 2726 1626 2817 traheremuS,
1658 2742 1730 2801 et
1753 2728 1902 2826 ipse
1925 2727 2060 2800 sibi
2078 2728 2242 2825 jure
2265 2727 2721 2800 haereditario
2749 2726 2954 2827 patris

847 2857 918 2914 et
940 2844 1052 2915 avi
1072 2860 1288 2941 atque
1309 2844 1495 2916 atavi
1513 2844 2064 2917 consuetudines
2089 2843 2242 2916 illas
2265 2858 2656 2936 excusaret,
2679 2844 2775 2916 ad
2799 2845 2948 2929 hoc,

848 2958 1104 3032 auxilio
1134 2960 1295 3048 Dei,
1339 2975 1409 3032 et
1446 2960 1827 3032 hominum
1858 2976 2071 3057 atque
2101 2961 2499 3031 amicorum
2543 2974 2954 3031 nostrorum

851 3073 1173 3164 consili0,
1210 3098 1325 3145 res
1354 3078 1723 3172 processit,
1749 3074 1946 3173 quod
1971 3078 2178 3169 Hugo
2209 3076 2422 3147 castri
2457 3073 2828 3163 dominuS,
2859 3074 2949 3144 fa-

852 3211 1025 3259 vore
1061 3189 1381 3285 conjugis
1412 3204 1484 3261 et
1516 3190 1857 3281 filiorum,
1883 3213 2172 3261 assensu
2198 3188 2474 3262 domini
2501 3188 2692 3286 'regis
2731 3188 2955 3262 Ludo-

858 3301 1015 3394 vici‚
1050 3326 1093 3375 a
1134 3327 1282 3400 quo
1316 3328 1392 3375 se
1430 3301 1697 3376 habere
1731 3303 2039 3394 dicebat,
2076 3304 2289 3376 beato
2319 3305 2665 3402 Dionysio
2701 3306 2776 3377 in
2805 3328 2953 3403 per-

853 3432 1154 3516 petuum
1222 3442 1473 3491 omnes
1530 3420 1829 3491 omnino
1893 3418 2444 3491 consuetudines
2467 3473 2485 3508 ‚
2557 3420 2956 3517 injustitiam

856 3560 1053 3607 suam
1083 3535 1691 3630 recognoscendo,
1719 3535 2085 3627 relaxavit,
2109 3536 2404 3626 remisit,
2438 3560 2658 3607 manu
2679 3536 2958 3635 propria

848 3650 1318 3747 jurejurando
1372 3650 1749 3747 abjuravit,
1797 3651 1979 3723 sicut
2021 3652 2303 3749 plenius
2345 3653 2418 3724 in
2469 3668 2662 3724 carta
2693 3650 2956 3726 domini

857 3766 1042 3861 regis
1072 3765 1417 3845 Ludovici
1437 3766 1816 3839 invenitur.
1845 3770 1986 3838 Nos
1999 3782 2265 3857 autem,
2293 3766 2385 3838 ad
2407 3766 2958 3877 ejushominium

860 3881 1166 3955 ecclesiae
1193 3897 1454 3955 nostrae
1488 3881 1974 3972 retinendum,
2001 3881 2184 3954 duos
2209 3886 2661 3983 stampenses
2691 3882 2963 3956 modios

942 4116 1003 4173 1.
1045 4110 1235 4189 Vulgo
1272 4114 1651 4170 Monnerot'lle
1680 4108 1991 4189 (Scine-et·-
2000 4108 2186 4190 Oise).

942 4210 1003 4268 2.
1049 4208 1365 4277 Μένέοίἱὶε,
1388 4202 1558 4284 juxta
1592 4204 1859 4263 eumdem
1888 4204 2102 4267 locum.
