3275 5317
888 586 1003 643 148
1322 580 1648 639 OEuvnas
1687 560 2114 637 conamus
2155 577 2254 633 nr.
2295 575 2564 634 soona.

883 711 1163 809 augusti
1190 714 1237 803 ¹,
1288 710 1616 807 spiritum
1668 707 1928 780 emisit.
1988 710 2169 779 Cum
2211 720 2454 777 autem
2503 704 2754 778 eadem
2819 704 2988 777 hora

884 853 1145 927 corpus
1198 825 1349 922 ejus
1402 824 1717 922 pretioso
1777 822 1995 920 pallio
2040 820 2444 893 involutum
2493 818 2588 891 ad
2621 819 2986 893 ecclesiam

884 959 1292 1017 sanctorum
1324 944 1718 1037 Martyrum
1749 937 2126 1036 sepulturae
2153 936 2678 1033 deportaretur,
2711 951 2785 1009 et
2814 960 2988 1034 prae·

884 1060 1249 1132 cessissent
1311 1056 1436 1153 qui
1500 1054 1880 1152 sepulturae
1956 1053 2204 1124 locum
2262 1052 2706 1149 adaptarent,
2766 1076 2986 1123 unum

884 1174 1177 1269 contigit
1198 1169 1395 1268 quod
1426 1170 1708 1243 silentio
1753 1168 2116 1268 praeterire
2153 1166 2449 1263 dignum
2493 1189 2642 1238 non
2676 1164 2980 1240 videtur.

980 1292 1163 1361 Cum
1204 1286 1397 1358 enim
1446 1284 1777 1384 praefatus
1831 1309 1956 1356 rex
2008 1282 2385 1355 nobiscum
2419 1281 2856 1355 conferendo
2897 1280 2986 1353 de

886 1401 1261 1501 sepulturis
1290 1424 1538 1495 regum
1573 1397 1960 1496 aliquando
1986 1412 2110 1470 aut
2137 1398 2384 1495 saepius
2421 1412 2682 1494 ageret,
2721 1398 2987 1470 felicem

888 1520 1036 1591 fore
1070 1516 1425 1590 asserebat
1474 1514 1599 1612 qui
1647 1515 1833 1586 inter
1859 1514 2320 1585 sacratissima
2352 1528 2608 1585 sanctae
2639 1513 2989 1586 Trinitatis

886 1649 956 1705 et
1003 1646 1419 1705 sanctorum
1466 1632 1860 1725 Martyrum
1919 1628 2168 1700 altaria
2227 1629 2510 1728 sepeliri
2559 1644 2975 1719 mereretur,

885 1748 1227 1845 quoniam
1260 1760 1333 1817 et
1366 1759 1781 1817 sanctorum
1813 1742 2144 1839 suffragio
2170 1758 2241 1815 et
2271 1739 2812 1817 adven'tantium
2843 1768 2994 1816 ora·

886 1860 1202 1933 tionibus
1250 1874 1711 1958 peccatorum
1762 1859 2042 1931 veniam
2091 1857 2474 1947 obtineret,
2533 1882 2620 1930 ex
2665 1857 2808 1931 hoc
2839 1861 2984 1957 ipso

887 1978 1101 2050 tacite
1125 1975 1571 2049 voluntatem
1602 1998 1807 2047 suam
1855 1972 2279 2069 significans,
2337 1978 2520 2046 Cum
2556 1990 2826 2065 autem,
2863 2000 2986 2047 an-

886 2107 1179 2190 tequam
1211 2116 1379 2163 cum
1408 2090 1556 2163 filio
1606 2090 2016 2181 exissemus,
2049 2114 2217 2161 cum
2252 2087 2639 2162 venerabili
2689 2090 2985 2163 eccloeiae

883 2207 1127 2305 priore
1188 2209 1495 2296 Herveo,
1560 2204 1998 2303 sepulturam
2031 2204 2182 2301 ejus
2239 2219 2404 2277 ante
2455 2204 2676 2277 altare
2735 2221 2982 2277 sanctas

884 2322 1265 2413 TrinitatiS,
1307 2346 1393 2394 ex
1454 2321 1789 2419 opposito
1818 2324 1841 2359 '
1903 2321 2160 2393 tumuli
2221 2320 2454 2392 Caroli
2509 2322 2974 2419 imperatoris,

887 2436 1245 2510 mediante
1296 2436 1500 2508 altari
1548 2436 2131 2532 providissemuS,
2165 2452 2513 2534 occupato
2561 2436 2730 2509 loco
2761 2437 2984 2511 Carlo-

886 2552 1163 2625 manni⁸
1194 2556 1631 2623 Francorum
1665 2551 1849 2647 regis
1871 2553 2234 2649 sepultura
2254 2558 2309 2640 ⁴,
2363 2552 2531 2649 quia
2563 2576 2696 2625 nec
2725 2552 2836 2626 fas
2863 2577 2984 2626 nec

886 2666 1332 2740 consuetudo
1357 2666 1709 2763 permittit
1753 2690 1950 2761 reges
1987 2666 2438 2764 exhospitari,
2475 2665 2672 2764 quod
2715 2693 2978 2767 propo·

888 2806 1251 2855 sueramus
1276 2781 1430 2853 fieri
1464 2806 1611 2853 non
1667 2782 1926 2877 potuit.
1965 2780 2101 2853 Ubi
2133 2796 2372 2853 autem
2407 2782 2557 2879 ipse
2588 2784 2796 2879 quasi
2826 2809 2982 2881 qua-

890 2896 1058 2968 dam
1120 2896 1532 2994 pronostica
1608 2910 2130 2995 praeoptaverat
2151 2952 2171 2985 ,
2240 2912 2662 2969 attentantes
2741 2914 2984 2971 contra

888 3010 1217 3082 omnium
1250 3010 1663 3108 opinionem
1731 3008 2010 3107 (omnes
2041 3012 2236 3083 enim
2279 3011 2706 3110 impeditum
2757 3013 2986 3087 locum

890 3122 1389 3223 aestimabant),
1444 3138 1791 3222 quantum
1842 3148 1975 3197 nec
2027 3126 2190 3224 plus
2231 3151 2367 3199 nec
2411 3128 2648 3200 minus
2687 3126 2990 3227 longitu-

892 3237 1045 3310 dini
1102 3254 1173 3311 et
1224 3238 1578 3312 latitudini
1628 3240 1949 3339 corporis
1997 3243 2147 3339 ejus
2189 3242 2693 3338 conveniebat,
2755 3244 2988 3318 locum

888 3370 1323 3427 reservatum
1368 3356 1847 3428 invenerunt⁸.
1876 3354 2012 3428 Ubi
2043 3382 2214 3430 cum
2252 3360 2664 3431 orationum
2693 3376 2770 3433 et
2801 3360 2992 3458 hym·

972 3537 998 3591 1
1014 3577 1031 3595 .
1056 3536 1273 3613 Nempe
1295 3554 1451 3595 anno
1482 3533 1694 3595 Christi
1719 3540 1746 3594 1
1761 3539 1900 3609 137,
1929 3536 2024 3595 cui
2059 3549 2302 3597 mortem
2325 3537 2504 3617 ipsius
2527 3536 2770 3617 alligant
2797 3557 2988 3600 omna

888 3625 1151 3687 historici
1179 3628 1472 3707 (Bened.).

975 3722 1037 3781 2.
1070 3726 1367 3799 Exposito,
1394 3724 1593 3800 prave,
1624 3725 1846 3785 12710.

972 3816 1031 3874 3.
1063 3819 1427 3875 carlomanni
1454 3818 1632 3889 5925,
1667 3820 1848 3894 6263,
1869 3818 2120 3899 itemque
2139 3821 2273 3882 edd.
2297 3820 2504 3881 Chesn.
2528 3832 2588 3881 et
2603 3822 2990 3883 Benedict.-

889 3910 1268 4059 ssggogcggni
1312 3911 1425 3968 543
1468 3928 1537 3968 ac
1578 3913 1802 3974 ¹27to.
1839 3940 1919 3959 -·
1961 3915 2149 3973 Caroli
2189 3916 2387 3993 magni
2427 3913 2567 3974 edit.
2611 3916 2809 3976 Germ.
2837 3960 2857 3989 ,
2899 3916 2990 3975 sed

972 4096 1148 4247 223³&
1174 4097 1203 4154 1
1218 4098 1319 4153 27¹
1335 4097 1371 4153 0
1400 4108 1459 4154 et
1486 4094 1628 4156 edit.
1659 4098 1952 4158 Benedict.
1985 4130 2064 4148 —
2079 4104 2385 4179 Sepultura
2409 4101 2574 4162 deest
2591 4100 2650 4161 in
2677 4100 2809 4162 aliis
2831 4100 2994 4162 codd.

887 4204 957 4247 ac
1097 4230 1115 4246 .

972 4284 1033 4342 5.
1062 4284 1402 4357 aepmrum
1430 4286 1651 4344 12710.
