3275 5317
1179 610 1523 670 LETTRES.
2294 618 2407 675 243

404 745 698 831 Verum,
748 739 806 810 si
858 737 1057 835 quod
1112 742 1349 813 minus
1400 742 1473 813 in
1511 740 1857 814 electione
1902 744 2288 839 invenitur,
2341 748 2412 818 in

303 882 623 959 personae
675 854 1031 953 probitate
1088 856 1565 953 suppleretur,
1628 859 1704 929 in
1758 861 2417 958 recompensatione

304 972 631 1046 sustineri
678 986 940 1069 posset.
978 970 1145 1057 Sed,
1188 972 1367 1042 sicut
1394 972 1781 1071 perhibent
1821 976 1944 1071 qui
1990 1001 2158 1047 eum
2198 1002 2420 1048 nove-

304 1104 497 1178 runt,
529 1112 663 1159 nec
690 1085 985 1183 alicujus
1017 1086 1491 1177 discretionis,
1529 1112 1664 1160 nec
1693 1089 1902 1161 bonae
1939 1092 2420 1164 conversatio-

306 1206 449 1297 nis,
480 1227 610 1275 nec
639 1200 849 1273 bonae
884 1200 1089 1273 famae
1127 1203 1383 1274 existit.
1438 1205 1859 1276 Proniorem
1898 1207 2092 1278 enim
2135 1206 2416 1305 publice

305 1345 389 1391 ac
435 1318 769 1417 privatim
802 1315 1051 1388 dicunt
1088 1342 1259 1389 eum
1302 1317 1396 1390 ad
1443 1343 1660 1390 omne
1691 1319 2027 1412 deteriUS,
2064 1337 2426 1420 expertem

308 1433 583 1507 consilii
628 1447 700 1505 et
734 1432 1000 1521 auxilii,
1046 1431 1121 1503 in
1161 1431 1497 1504 omnibus
1544 1434 1854 1507 ecclesiae
1893 1436 2426 1510 necessitatibus

305 1576 489 1649 pene
520 1548 827 1639 nullum,
870 1546 1006 1620 sub
1039 1572 1187 1643 quo
1216 1547 1549 1645 languere
1601 1550 1840 1647 potius
1875 1575 2094 1649 quam
2132 1578 2424 1652 prospe-

304 1668 447 1737 rari
486 1665 777 1737 ecclesia
819 1662 1070 1735 valeat.
1114 1663 1331 1760 Cujus
1373 1664 1896 1737 indiscretionis
1929 1683 2426 1764 argumentum

306 1783 383 1853 in
428 1806 510 1852 ea
561 1781 859 1877 potestis
912 1780 1194 1852 actione
1254 1802 1685 1874 cognoscere
1705 1835 1722 1870 ,
1785 1806 2002 1879 quam
2055 1782 2426 1882 episcopus

308 1890 720 1968 parisiensis
756 1894 1158 1967 Paternitati
1202 1908 1449 1967 vestrae
1479 1896 1919 1987 transmittit,
1957 1896 2048 1969 de
2083 1922 2165 1971 ea
2211 1923 2426 1995 quam

308 2012 559 2086 audire
584 2010 879 2109 potestis
905 2024 1153 2081 contra
1187 2008 1508 2105 ejusdem
1538 2011 1844 2083 ecclesiae
1867 2026 2231 2085 cantorem
2260 2037 2430 2084 con-

308 2129 650 2200 troversia
706 2151 873 2197 eum
919 2127 1251 2197 movisse.
1300 2129 1485 2198 Cum
1518 2128 1715 2199 enim
1750 2152 1884 2225 pro
1913 2126 2430 2199 consuetudine

308 2258 385 2315 et
412 2241 809 2340 apostolicae
838 2242 1305 2314 immunitatis
1337 2243 1759 2315 auctoritate
1811 2242 2144 2341 praefatus
2180 2256 2435 2315 cantor

310 2360 411 2430 ita
470 2355 743 2430 decano
812 2354 1259 2454 parificetur,
1329 2371 1410 2427 ut
1470 2380 1706 2452 neque
1757 2355 1852 2428 de
1916 2356 2429 2459 ecclesiasticiS,

308 2497 547 2570 neque
574 2472 665 2545 de
692 2472 1043 2562 civilibuS,
1081 2472 1226 2542 sive
1261 2471 1336 2542 in
1367 2470 1709 2567 capitu10,
1743 2496 1865 2542 seu
1903 2486 2125 2561 extra,
2163 2470 2435 2568 absque

308 2588 468 2684 ejus
526 2584 823 2659 consilio
888 2585 1266 2683 disponere
1329 2583 1625 2673 habeat,
1691 2585 2007 2682 quadam
2060 2584 2205 2677 die,
2269 2610 2439 2657 cum

305 2716 551 2774 essent
611 2702 684 2771 in
740 2700 965 2772 choro
1026 2700 1286 2772 horam
1350 2700 1769 2772 canonicam
1823 2699 2308 2790 decantanteS,
2370 2715 2442 2772 et

305 2830 569 2888 cantor
622 2814 910 2886 cuidam
974 2815 1236 2887 clerico
1285 2815 1704 2913 loqueretur
1727 2874 1746 2907 ,
1807 2841 1954 2914 quo
1991 2840 2214 2888 -more
2262 2814 2440 2888 solet

306 2928 660 3002 omnibus
712 2928 803 3001 de
852 2930 1189 3002 canendis
1230 2930 1346 3002 vel
1398 2929 1716 3029 legendis
1765 2930 2264 3029 pronunciare,
2323 2955 2438 3001 ac-

306 3060 523 3143 cepta
580 3044 749 3116 inde
822 3046 1220 3136 occasione,
1286 3045 1638 3117 invective
1690 3044 1998 3117 insiliens
2057 3046 2130 3115 in
2199 3060 2452 3117 canto-·

308 3184 475 3233 rem
500 3214 519 3250 ,
598 3160 908 3258 turpiter
973 3175 1206 3232 tacere
1277 3160 1684 3259 imperavit.
1769 3164 1859 3232 Et
1942 3159 2118 3232 dum
2188 3177 2440 3233 cantor

311 3274 633 3347 auditori
709 3289 1263 3373 prosequeretur
1331 3274 1531 3372 quod
1603 3276 1964 3374 inceperat
1989 3328 2009 3365 ,
2076 3276 2441 3349 admirans

314 3390 777 3463 indiscretam
821 3389 1075 3463 decani
1114 3390 1664 3482 vehementiam,
1703 3388 2015 3462 decanus
2052 3390 2201 3485 ipse
2235 3412 2440 3458 more

313 3506 663 3605 arreptitii
722 3506 961 3577 furens
1026 3506 1253 3579 choro
1315 3506 1720 3580 decantanti
1790 3504 2152 3577 silentium
2209 3502 2437 3598 impe-

314 3623 546 3713 ravit3
614 3645 765 3692 non
818 3636 1157 3719 reputans
1204 3622 1406 3720 quod
1448 3624 1504 3693 si
1545 3622 1890 3693 minimus
1926 3616 2443 3687 canonicorum

332 3736 637 3835 (nedum
700 3737 858 3825 iste,
915 3738 1042 3835 qui
1096 3762 1304 3810 more
1368 3738 1676 3809 ecclesiae
1734 3734 1832 3804 illi
1888 3729 2318 3829 parificatur,
2366 3744 2448 3801 ut

315 3851 506 3923 nihil
558 3850 828 3947 absque
880 3875 967 3923 eo
1018 3876 1255 3950 neque
1310 3853 1385 3926 in
1445 3852 1671 3924 choro
1715 3870 1951 3944 neque
2001 3847 2076 3917 in
2135 3844 2446 3943 capitulo

316 3967 741 4060 constituat)
798 3964 1067 4064 aliquid
1125 3968 1199 4039 in
1264 3968 1487 4039 choro
1550 3963 2054 4055 commisisset,
2121 3961 2195 4032 in
2254 3962 2444 4060 capi-

320 4084 485 4156 tulo
537 4082 883 4157 canonice
927 4083 1421 4179 corrigeretur.
1484 4082 1668 4153 Hinc
1720 4078 2008 4152 emersit
2049 4078 2233 4149 inter
2282 4102 2403 4149 eos
2426 4131 2446 4163 ‚

318 4199 532 4296 cujus
602 4197 1127 4270 accusationem
1200 4197 1538 4271 dominus
1608 4193 2013 4268 parisiensis
2079 4195 2452 4290 episcopus

321 4314 743 4386 Paternitati
785 4329 1035 4385 vestrae
1067 4313 1377 4386 scribere
1423 4312 1722 4403 curavit,
1767 4308 2088 4406 querela3
2141 4305 2286 4377 hoc
2318 4304 2450 4377 ha-
