3275 5317
1153 660 1501 719 LE'I'I'RES.
2277 663 2384 721 251

282 817 505 891 usque
542 792 639 865 ad
676 818 905 867 unum
949 795 1092 865 iota
1132 806 1206 863 et
1254 816 1481 863 unum
1524 792 1802 889 apicem
1847 794 2254 866 conservari
2301 794 2400 865 fe-

282 909 553 999 ceritis;
604 935 696 983 ne
741 909 1176 982 dissonantia
1220 906 1461 996 officii,
1505 906 1783 1007 legendi
1815 923 1886 981 et
1915 907 2254 981 cantandi
2285 908 2396 980 di-

282 1025 569 1097 versitas
634 1026 709 1095 in
780 1024 1191 1097 scandalum
1255 1022 1687 1119 regularium
1761 1038 1833 1095 et
1903 1023 2397 1119 irregularium

281 1156 623 1235 emergat3
663 1165 757 1211 ne
796 1140 1139 1214 ostiorum
1193 1139 1495 1236 apertio,
1540 1137 1676 1211 hac
1721 1139 2090 1210 occasione
2109 1194 2130 1232 ,
2184 1156 2397 1211 nocte

281 1281 361 1327 ac
422 1255 575 1327 die¹
630 1256 877 1328 fratres
938 1254 1360 1345 conturbet;
1418 1278 1509 1324 ne
1559 1278 1688 1352 per
1752 1251 2043 1325 eosdem
2107 1255 2398 1326 aemulos

278 1372 513 1468 aliqua
548 1371 839 1443 infamia
870 1372 945 1441 in
971 1394 1094 1441 eos
1125 1368 1501 1468 subrepat;
1546 1384 1626 1439 ut
1660 1369 1898 1466 quiete
1935 1369 2204 1441 ibidem
2238 1394 2394 1442 om-

282 1486 633 1586 nipotenti
664 1490 847 1579 Deo,
884 1485 977 1557 ad
1013 1484 1301 1557 laudem
1347 1498 1419 1556 et
1458 1482 1814 1555 honorem
1845 1486 2069 1557 sancti
2105 1486 2398 1583 Aposto-

279 1602 461 1673 latus
508 1601 719 1673 vestri
756 1616 827 1673 et
866 1625 1188 1700 personae
1214 1615 1489 1690 vestrae,
1533 1601 1961 1697 sempiterna
1993 1626 2400 1675 remunera-

279 1719 508 1789 tione²
540 1717 835 1812 dignum
852 1720 1005 1788 Deo
1044 1716 1465 1787 famulatum
1498 1716 1834 1787 exhibere
1867 1713 2170 1789 valeant.
2206 1716 2396 1804 Quid

278 1858 591 1931 namque
622 1832 713 1905 de
740 1835 1169 1905 Paternitate
1198 1846 1427 1903 vestra
1445 1832 1850 1931 sperarem?
1878 1835 2025 1929 Ego
2051 1832 2202 1931 ipse
2228 1859 2395 1932 pec-

276 1964 481 2021 cator
531 1972 613 2019 ex
660 1949 801 2019 hoc
844 1963 1080 2019 vestro
1126 1972 1345 2046 opere
1394 1946 1669 2045 aliquid
1712 1948 2217 2020 misericordiae
2266 1949 2397 2022 Dei

278 2088 395 2135 me
426 2063 871 2136 lucraturum
896 2062 1213 2137 confido·

378 2184 501 2251 Est
549 2194 623 2251 et
661 2178 857 2250 aliud
911 2179 1110 2277 quod
1142 2180 1555 2251 Paternitati
1606 2194 1854 2251 vestrae
1899 2177 2235 2253 volumus
2285 2204 2398 2255 ca-

274 2295 585 2391 pitulum
624 2296 1069 2366 innotescere
1118 2322 1133 2364 :
1190 2310 1297 2384 ut,
1362 2295 1543 2366 sicut
1604 2294 1925 2391 primum
1979 2294 2392 2385 mandastiS,

273 2409 485 2483 salvis
504 2434 761 2483 eorum
791 2424 1071 2482 tantum
1105 2408 1533 2505 praebendiS,
1553 2410 2037 2507 praepositurae
2069 2425 2142 2481 et
2180 2425 2398 2481 terra-

272 2550 439 2597 rum
468 2525 791 2598 custodia
823 2524 1184 2597 canonicis
1221 2523 1667 2619 regularibus
1699 2541 2140 2597 remaneant.
2182 2524 2398 2613 Quod

272 2643 331 2712 si
361 2639 833 2712 exterioribus
854 2639 1349 2729 remanserint,
1375 2640 1619 2711 omnia
1647 2638 2150 2736 dilapidabunt
2169 2654 2242 2710 et
2262 2636 2396 2711 sibi

270 2755 703 2851 subripient,
744 2769 817 2825 et
852 2752 943 2824 ad
973 2753 1333 2825 defectum
1360 2754 1810 2845 victualium,
1834 2769 1918 2825 ut
1939 2753 2050 2825 vel
2084 2755 2186 2827 sic
2211 2753 2394 2826 ordo

268 2867 759 2970 periclitetur,
816 2868 1111 2939 forsitan
1166 2867 1548 2940 crudeliter
1606 2868 2102 2941 elaborabunt.
2183 2867 2391 2940 Aliud

270 3007 570 3083 quoque
622 2999 765 3074 est,
818 3009 965 3081 quo
1013 2985 1083 3053 in
1132 2983 1485 3082 principio
1533 2983 1803 3056 laboris
1847 2984 1954 3055 sui
2001 2983 2126 3055 filii
2179 2985 2391 3056 vestri

268 3099 729 3199 potissimum
746 3099 1088 3194 indigent.
1110 3097 1492 3186 Quendam
1524 3098 1916 3170 Rodulsum
1933 3098 2393 3173 aemulantem

272 3232 345 3287 et
388 3213 851 3309 derogantem
898 3239 1151 3287 eorum
1185 3214 1499 3310 religioni
1546 3239 1897 3286 mucrone
1941 3214 2134 3289 beati
2175 3216 2388 3307 Petri,

274 3345 359 3401 ut
386 3344 869 3419 convertatur,
886 3329 1211 3403 feriendo
1238 3330 1734 3428 compescam,
1757 3346 1828 3402 et
1856 3355 1944 3401 ne
1973 3330 2394 3429 impunitate

276 3446 431 3541 ejus
462 3444 767 3515 aliorum
808 3460 1125 3539 emergat
1162 3444 1636 3536 contumacia,
1677 3445 1828 3541 ejus
1861 3446 2234 3517 stultitiam
2287 3467 2396 3512 re-

272 3558 621 3657 primatiS.
654 3561 992 3631 Conterat
1028 3560 1379 3631 Dominus
1398 3562 1856 3660 omnipotens
1894 3580 2189 3630 omnem
2222 3557 2390 3626 hos-

274 3689 428 3745 tem
468 3674 601 3746 sub
648 3675 949 3773 pedibus
994 3676 1293 3781 vestris·
1333 3680 1473 3747 Nos
1516 3690 1760 3747 autem
1811 3672 2104 3745 servitio
2157 3685 2394 3742 vestro

272 3801 594 3886 paratos,
654 3806 727 3861 et
779 3790 1145 3862 ecclesiam
1200 3806 1555 3881 nostram,
1626 3789 1754 3859 sed
1817 3802 1888 3859 et
1946 3785 2392 3859 carissimum

274 3904 509 3976 filium
533 3920 853 3979 vestrum
874 3905 1313 3979 Ludovicum
1334 3930 1573 4003 regem
1595 3908 2052 3993 Francorum,
2081 3903 2152 3975 in
2175 3928 2392 4002 opere

356 4198 383 4251 1
403 4238 419 4253 .
444 4196 560 4251 Die
580 4215 651 4251 ac
674 4210 833 4253 nocte
855 4199 963 4254 leae
981 4202 1267 4254 occasione
1292 4194 1431 4255 edit.
1464 4194 1761 4257 Benedict-

356 4288 417 4345 2.
452 4286 547 4345 Sic
573 4287 711 4347 edit.
742 4288 1037 4350 Benedict.
1076 4322 1157 4335 —
1183 4294 1588 4364 Sempt‘temam
1621 4293 2122 4347 remunerationem
2159 4286 2218 4343 in
2249 4282 2390 4345 edit.

274 4376 487 4438 Chesn.
