3275 5317
843 478 915 533 ss
1268 468 1596 527 oeuvREs
1636 450 2065 525 compturus
2105 466 2209 521 m:
2251 464 2517 522 svera.

835 606 1057 681 baldo
1102 604 1365 677 comite
1418 614 1489 673 et
1530 599 1839 671 exercitu
1889 602 2472 670 Normannorum
2517 612 2592 669 et
2638 597 2808 671 Milo
2847 597 2940 670 de

837 728 1081 795 Monte
1100 717 1406 807 Leherii,
1446 730 1519 787 et
1554 730 1699 787 tam
1732 718 1938 809 Hugo
1966 714 2438 786 creciacensis
2477 737 2698 810 quam
2733 712 2942 785 frater

834 838 986 935 ejus
1023 832 1265 906 Guido
1284 837 1301 871 ¹
1335 854 1577 903 comes
1617 829 1711 902 de
1761 832 1958 927 Rupe
1991 830 2208 919 Forti,
2243 828 2368 926 qui
2417 827 2610 899 mille
2641 828 2934 900 trecenti

834 947 1097 1020 milites
1143 942 1595 1017 obsidionem
1647 942 1985 1013 Tauriaco
2019 940 2540 1037 minabantur),
2585 964 2712 1023 rex
2743 940 2936 1013 nullo

836 1064 1093 1134 timore
1154 1058 1601 1146 flectebatur,
1659 1055 1922 1154 quibus
1954 1069 2247 1154 poterat
2293 1069 2506 1126 nocte
2551 1070 2624 1126 et
2666 1054 2784 1126 die
2833 1055 2940 1127 la-

835 1198 1104 1247 cessere
1133 1172 1462 1270 'injuriis
1486 1170 1874 1263 nitebatur,
1908 1194 2000 1242 ne
2028 1167 2408 1241 'victualia
2441 1167 2652 1265 longe
2686 1170 2940 1293 quaeri-

834 1305 1067 1363 tarent
1097 1286 1616 1383 refragabatur.

934 1407 1279 1479 Restituto
1305 1404 1543 1500 itaque
1570 1415 1802 1473 castro
1828 1401 2166 1473 continua
2193 1401 2608 1499 septimana,
2631 1425 2942 1488 cum,re-

834 1520 1255 1594 cedentibus
1304 1517 1736 1617 quibusdam
1783 1521 2391 1606 Normannorum‚
2437 1541 2681 1588 comes
2718 1516 2920 1587 Theo·

832 1634 1092 1705 baldus
1156 1658 1322 1705 cum
1369 1632 1676 1703 exercitu
1752 1630 1980 1701 multo
2033 1630 2508 1720 remansisset,
2563 1630 2938 1702 recollecto

836 1746 1125 1837 robore,
1160 1745 1646 1818 rex-bellicum
1671 1761 1914 1818 movet
1940 1761 2385 1844 apparatum,
2421 1746 2493 1817 in
2521 1770 2742 1817 manu
2783 1746 2940 1817 forti

835 1861 1212 1937 Puteolum
1236 1862 1658 1957 regreditur,
1696 1863 1978 1933 hostem
2005 1862 2412 1933 obviantem
2453 1863 2788 1952 conterit,
2815 1885 2942 1960 per

840 1992 1126 2077 portam
1183 1976 1597 2049 dimicando
1655 1992 1727 2049 et
1781 1976 2049 2049 illatam
2104 1977 2440 2074 injuriam
2504 1975 2934 2065 ulciscend0‚

840 2105 1072 2166 castro
1109 2091 1435 2184 recludit,
1480 2092 1795 2164 militum
1836 2091 2156 2191 praesidia
2191 2116 2284 2163 ne
2332 2107 2582 2164 exeant
2633 2092 2935 2191 reponit,

840 2208 1209 2305 antiquam
1244 2221 1776 2280 antecessorum
1823 2231 2122 2279 suorum
2165 2206 2574 2281 destitutam
2611 2209 2933 2294 motam⁸,

839 2338 1071 2395 castro
1093 2322 1291 2417 jactu
1321 2320 1573 2420 lapidis
1596 2322 2107 2421 propinquam,
2135 2338 2460 2421 occupat,
2489 2312 2806 2395 castrum
2829 2348 2941 2395 su-

840 2438 1173 2536 pererigit
1205 2438 1391 2509 miro
1430 2437 1699 2528 labore,
1725 2437 1900 2509 mira
1926 2438 2302 2527 anxietate,
2331 2438 2389 2508 si
2421 2436 2660 2510 trabes
2682 2438 2943 2535 juncti⁸

841 2552 1181 2625 clausuris
1198 2578 1344 2624 non
1360 2554 1798 2649 erigerentur
1811 2568 2083 2644 contra,
2099 2551 2802 2643 fundibulariorum,
2817 2554 2938 2625 ba·

843 2666 1299 2759 fistal-iorum,
1325 2668 1853 2763 sagittariorum
1875 2669 2128 2740 emissa
2157 2667 2466 2767 pericula
2487 2672 2934 2741 sustinentes:

842 2784 1244 2877 gravissime
1268 2784 1586 2879 quidem,
1618 2808 1785 2855 cum
1811 2784 1936 2880 qui
1967 2808 2088 2855 eos
2119 2785 2498 2879 angebant,
2521 2785 2736 2858 infra⁷
2755 2800 2940 2884 septa

843 2899 1055 2970 castri
1078 2901 1335 2990 securi,
1369 2913 1565 2971 extra
1582 2898 2004 2996 jaculanteS,
2031 2898 2300 2970 nullam
2323 2900 2559 2972 meriti
2591 2899 2757 2973 mali
2787 2900 2942 2972 hos-

842 3012 1025 3083 tium
1054 3012 1428 3085 horrerent
1460 3013 2036 3087 vicissitudinem.
2066 3014 2340 3109 Flagrat
2361 3014 2616 3086 aemula
2635 3016 2941 3089 victoriae

712 3200 717 3203 .
842 3127 1263 3199 interiorum
1308 3143 1380 3201 et
1422 3131 1857 3202 exteriorum
1900 3128 2296 3229 periculosa
2343 3132 2782 3204 concertatio
2799 3186 2818 3221 ,
2875 3144 2938 3200 et

918 3412 982 3472 1.
1012 3404 1205 3467 Guido
1234 3410 1313 3481 11,
1340 3409 1620 3469 Gnidonis
1645 3408 1832 3469 Rubei
1857 3408 2030 3472 filius.
2060 3442 2140 3458 —
2171 3415 2230 3470 2.
2262 3420 2555 3473 Lacessis-e
2573 3411 2746 3471 codd.

922 3505 980 3561 3.
1026 3501 1119 3563 Sic
1160 3502 1340 3577 6265,
1370 3514 1544 3582 atque
1592 3503 1732 3563 edd.
1781 3502 1989 3566 Chesn.
2035 3515 2096 3564 et
2138 3502 2427 3566 Benedict.
2465 3538 2543 3550 —
2577 3509 2700 3565 Nec
2751 3522 2938 3564 omnes

838 3595 1011 3658 codd.
1036 3606 1094 3655 et
1114 3596 1255 3657 edit.
1286 3598 1509 3669 Germ„
1540 3595 1639 3655 sed
1666 3595 1838 3656 male.

919 3692 979 3748 4.
1014 3693 1185 3748 Mota
1216 3702 1585 3770 nuncupatur
1604 3688 1771 3749 collis
1816 3710 1918 3750 seu
1956 3689 2231 3769 tumulus,
2263 3692 2356 3751 cui
2385 3690 2788 3751 inaedificatum
2817 3709 2940 3749 cas·

837 3778 1037 3839 tellum
1063 3778 1295 3861 (Gangii
1320 3781 1509 3842 Gloss.
1514 3780 1562 3861 ).

920 3878 979 3934 5.
1006 3880 1203 3934 ,suncti
1222 3876 1393 3935 codd.
1430 3895 1630 3935 omnes
1662 3888 1722 3935 et
1745 3876 1883 3936 edit.
1907 3876 2202 3946 Bene-dict.
2231 3910 2302 3923 —
2327 3882 2404 3935 V
2381 3884 2521 3935 metz
2556 3875 2792 3956 reliquae
2807 3875 2935 3936 edd.

922 3974 982 4033 6.
1016 3971 1113 4033 Sic
1146 3972 1286 4035 edit.
1327 3974 1525 4037 Germ.
1560 4008 1640 4020 —
1675 3976 2129 4035 Fundibalioram
2177 3974 2348 4037 codd.
2386 4008 2466 4020 —
2518 3974 2938 4035 Funclibalan‘o-

838 4082 964 4123 rum
989 4063 1157 4143 reliq.
1186 4066 1319 4125 edd.

920 4162 979 4219 7.
1006 4164 1177 4219 Intra
1204 4164 1359 4221 6265
1391 4172 1449 4220 et
1470 4160 1611 4223 edit.
1638 4162 1840 4223 Germ.
