3275 5317
928 597 1053 654 vm
1084 597 1183 654 DE
1225 587 1465 656 Loms‘
1488 600 1583 656 LE
1626 599 1844 662 onos,
2332 608 2444 664 123

320 730 658 822 casteHiS,
715 754 792 802 se
842 729 1377 802 commiserunt.
1425 730 1629 802 Unde
1671 733 1920 804 Franci
1969 734 2291 807 consulte
2334 760 2449 808 eo-

323 871 496 918 rum
528 845 933 919 deridentes
964 845 1515 944 simplicitatem,
1572 862 1646 918 et
1698 848 1792 920 ad
1853 847 2109 921 urbem
2153 851 2447 925 tendere

324 961 769 1055 differenteS‚
806 976 887 1034 ut
930 976 1053 1034 aut
1084 962 1446 1034 civitatem
1490 962 1966 1058 dimitterent,
2018 990 2110 1037 ne
2155 967 2443 1040 castella

328 1078 763 1172 amitterent,
800 1093 927 1152 aut
956 1078 1014 1148 si
1053 1095 1533 1170 remanerent,
1573 1080 1865 1151 interim
1912 1081 2244 1154 victualia
2275 1107 2450 1156 con-

328 1210 721 1284 sumerent,
749 1193 844 1266 ad
869 1207 1181 1265 castrum
1198 1194 1715 1292 peroptimum,
1752 1201 2063 1268 Pontum
2083 1198 2440 1290 nomine¹,

326 1333 539 1407 super
568 1309 871 1381 fluvium
896 1307 1195 1379 Hilerim
1215 1307 1680 1382 diverterunt.
1718 1310 1858 1383 Ubi
1880 1312 2446 1410 circumquaque

329 1426 632 1498 tentoria
666 1425 983 1522 figentes,
1031 1449 1231 1521 aeque
1272 1424 1483 1522 plana
1533 1441 1605 1497 et
1659 1426 1884 1500 ardua
1918 1427 2288 1527 diripiunt,
2351 1431 2450 1524 gi-

330 1555 575 1637 gantea
612 1540 909 1615 audacia
942 1541 1207 1612 coelum
1239 1541 1534 1614 tendere
1584 1542 1954 1638 videntur,
2000 1544 2180 1616 dum
2220 1548 2450 1618 muni-

329 1657 597 1728 tissima
644 1659 1005 1728 montium
1054 1657 1427 1728 cacumina
1473 1659 1912 1755 praeripiunt,
1978 1658 2250 1758 praedas
2296 1685 2444 1734 non

330 1789 607 1846 tantum
640 1799 1014 1873 pecorum,
1044 1773 1171 1846 sed
1211 1789 1284 1847 et
1307 1773 1753 1872 pecoralium
1787 1775 2173 1848 hominum
2208 1802 2449 1877 super-

326 1892 475 1964 fluo
541 1893 759 1964 etiam
840 1891 1160 1963 educunt
1198 1894 1222 1928 ¹
1258 1919 1277 1981 ;
1368 1891 1845 1964 instrumenta
1927 1893 2448 1990 impugnatoria

327 2009 511 2079 turri
540 2006 857 2104 ejusdem
888 2006 1161 2078 castelli
1192 2005 1656 2105 applicanteS,
1688 2032 2026 2080 saxorum
2060 2009 2444 2082 molarium

324 2125 635 2223 impetu,
668 2125 1070 2219 sagittarum
1106 2123 1483 2222 impluvio,
1515 2123 1742 2196 multa
1776 2150 1898 2197 eos
1945 2141 2174 2222 strage
2205 2127 2297 2199 ad
2328 2127 2446 2199 de-

323 2241 683 2314 ditionem
706 2240 1165 2339 compellunt.
1200 2243 1363 2327 Quo
1389 2239 1662 2333 audito,
1701 2243 1829 2339 qui
1855 2243 2216 2315 civitatem
2242 2258 2446 2314 tene·

320 2358 529 2448 bant,
568 2359 827 2429 timore
861 2357 1196 2456 perculsi,
1233 2358 1463 2431 simile
1502 2375 1625 2430 aut
1654 2361 1936 2454 gravius
1967 2360 2144 2458 quid
2190 2385 2442 2459 expec-

320 2489 576 2565 tantes,
610 2474 853 2570 fugam
877 2487 1155 2573 parant,
1188 2475 1547 2548 civitatem
1603 2491 1891 2565 exeunt,
1933 2500 2236 2574 eamque
2261 2477 2440 2572 regis

319 2588 624 2661 arbitrio
655 2589 1188 2688 derelinquunt.
1230 2594 1370 2662 Rex
1398 2605 1637 2662 autem
1667 2606 1738 2662 et
1761 2593 1914 2664 Deo
1943 2591 2342 2685 ecclesiam,
2377 2607 2448 2664 et

322 2704 525 2777 clero
564 2720 816 2799 turreS,
856 2719 927 2776 et
964 2707 1300 2805 episcopo
1339 2706 1726 2796 civitatem,
1768 2732 1941 2806 pace
1982 2707 2173 2782 inter
2213 2733 2335 2780 eos
2374 2723 2448 2781 et

318 2819 665 2892 comitem
738 2834 807 2892 et
865 2822 1322 2894 sacramentis
1372 2837 1441 2894 et
1507 2821 1851 2894 obsidum
1910 2822 2440 2922 multiplicitate

322 2935 633 3023 firmata,
662 2937 991 3010 victorin
1022 2939 1361 3011 omnibus
1383 2938 1714 3009 restituit.

430 3057 693 3124 Verum
728 3068 1141 3152 temporum
1160 3054 1385 3126 lustro
1417 3069 1736 3152 peractO,
1770 3079 1938 3125 cum
1967 3054 2450 3127 Alvernorum

322 3168 675 3239 comitum
737 3169 1014 3266 perfida
1037 3173 1060 3208 ⁸
1100 3169 1385 3242 levitate
1438 3170 1868 3261 solveretur,
1929 3168 2242 3242 recidiva
2295 3171 2449 3268 epi-

324 3284 527 3381 scopi
585 3298 659 3356 et
719 3284 1029 3358 ecclesiae
1078 3284 1442 3358 calamitas
1485 3285 1874 3358 recidivam
1919 3302 2237 3384 reportat
2295 3288 2445 3382 regi

321 3401 873 3497 querimoniam.
922 3403 1063 3489 Qui
1098 3428 1175 3474 se
1227 3427 1425 3475 casso
1472 3402 1720 3474 labore
1761 3401 1940 3475 adeo
1978 3402 2442 3498 defatigatum

323 3514 750 3612 dedignanS,
810 3517 1107 3590 collecto
1165 3519 1402 3616 primo
1465 3518 1699 3590 multo
1761 3518 2033 3614 majore
2097 3517 2437 3606 exercitu,

328 3644 592 3702 terram
636 3633 893 3731 repetit
923 3633 1417 3706 Alvernorum.
1473 3638 1771 3731 Jamque
1825 3634 2055 3728 gravis
2099 3657 2401 3730 corpore
2421 3633 2444 3668 ⁸

326 3761 401 3818 et
445 3773 725 3822 carneae
755 3748 1225 3847 spissitudinis
1278 3751 1468 3823 mole
1519 3749 1995 3849 ponderosuS,
2047 3774 2216 3822 cum
2256 3747 2437 3820 alius

324 3863 693 3960 quislibet,
740 3891 1010 3965 pauper
1054 3868 1295 3961 etiam,
1328 3883 1524 3940 tanta
1558 3867 1882 3966 corporis
1921 3865 2302 3966 periculosi
2335 3867 2439 3938 in-

404 4155 437 4211 1
451 4197 469 4214 .
500 4151 671 4212 Nunc
698 4155 1235 4217 Pont-da-deteau
1261 4155 1781 4237 (Pur-de-dee).

406 4249 467 4304 2.
496 4249 801 4306 Adducunt
821 4247 960 4312 edit.
993 4253 1194 4312 Germ.
1220 4287 1299 4298 —
1340 4255 1399 4312 3.
1428 4251 1600 4331 Apud
1620 4251 1864 4324 Freher,
1889 4249 2165 4328 perfidia.

410 4343 474 4402 4.
504 4342 791 4418 Corporeae
820 4345 1038 4404 12710.
