3275 5317
830 597 946 653 362
1264 594 1587 650 OEuvnns
1628 574 2056 649 commus
2096 592 2198 648 DE
2237 592 2508 651 SUGER.

826 748 1117 795 suarum
1148 722 1551 793 animarum
1579 719 1978 819 periculum
2001 721 2404 811 incurrunt,
2439 746 2696 793 verum
2733 722 2919 795 etiam

827 838 954 923 illi,
1022 838 1147 935 qui
1191 838 1393 934 quasi
1444 836 1605 935 jure
1659 837 1890 935 patrio
1946 835 2280 935 deinceps
2333 836 2483 908 illas
2533 837 2916 929 retinentes,

829 955 1060 1027 donec
1099 967 1335 1025 morte
1378 952 1928 1051 praeveniantur,
1971 952 2340 1051 possidere
2387 952 2686 1025 minime
2727 953 2922 1027 desis-

830 1085 1011 1142 tunt.
1052 1074 1504 1167 Quapropter
1547 1092 1678 1163 ego
1717 1069 2074 1164 Sugerius,
2112 1069 2245 1140 Dei
2279 1068 2750 1167 permissione
2787 1094 2920 1139 mo·

826 1184 1115 1257 nasterii
1168 1183 1407 1255 Sancti
1435 1183 1759 1279 Dionysii
1808 1182 1900 1255 de
1959 1182 2189 1255 Gallia
2239 1184 2567 1256 minister
2609 1199 2684 1255 et
2727 1183 2924 1257 abbas

826 1299 1187 1395 indignus,
1214 1322 1395 1397 saepe
1436 1312 1726 1393 rogatus
1765 1322 1807 1368 a
1839 1298 2138 1371 Mathaeo
2179 1300 2610 1395 cognomine
2641 1298 2924 1370 Pulchro

829 1414 1029 1513 quod
1048 1412 1227 1486 duas
1252 1428 1487 1513 partes
1510 1412 1806 1485 decimae
1837 1412 1930 1486 de
1947 1416 2206 1486 Sancto
2225 1415 2488 1487 Brictio
2505 1413 2558 1505 ¹,
2591 1439 2770 1513 quas
2797 1414 2924 1513 ipse

830 1530 1116 1601 tenebat
1154 1531 1231 1601 in
1263 1528 1479 1600 feodo
1506 1528 1599 1600 de
1630 1531 1890 1600 Sancto
1919 1530 2289 1627 Dionysio,
2333 1532 2600 1601 Sancto
2639 1530 2925 1600 Martino

830 1645 921 1717 de
971 1645 1255 1742 Campis
1331 1642 1678 1715 tenendas
1763 1659 1834 1714 et
1894 1643 2356 1743 possidendas
2417 1642 2921 1733 concederem,

830 1784 997 1832 cum
1028 1760 1227 1831 omni
1266 1758 1579 1857 capitulo
1620 1773 1870 1831 nostro
1914 1759 2221 1855 benigne
2263 1761 2607 1833 concessi.
2647 1764 2734 1831 In
2773 1783 2927 1859 prae-

830 1876 1054 1947 sentia
1093 1872 1447 1972 siquidem
1528 1889 1778 1948 nostra
1859 1876 2223 1974 totiusque
2316 1876 2624 1975 Capituli
2688 1875 2920 1963 nostri,

825 1990 1158 2089 praefatus
1229 1988 1566 2062 Mathaeus
1632 1990 2047 2087 praedictam
2109 1990 2466 2063 decimam
2524 1990 2618 2062 de
2689 1994 2924 2061 Sancto

832 2106 1091 2177 Brictio
1159 2105 1409 2177 domui
1482 2106 1724 2176 Sancti
1765 2108 2046 2179 Martini
2075 2104 2167 2178 de
2213 2106 2498 2203 Campis
2555 2106 2922 2191 concessit,

831 2220 1039 2293 nobis
1072 2218 1373 2292 libenter
1420 2234 1491 2291 et
1534 2220 1961 2313 amabiliter,
1998 2236 2298 2321 propter
2339 2222 2738 2293 maximum
2768 2220 2928 2291 inter

830 2359 964 2406 nos
1000 2334 1333 2432 illamque
1360 2331 1662 2405 domum
1693 2351 1959 2406 mutuae
1996 2334 2393 2407 dilectionis
2436 2334 2800 2424 affectum,
2831 2356 2926 2402 as-

831 2474 1119 2522 sensum
1138 2448 1650 2549 praebentibuS,
1671 2463 1741 2523 et
1753 2465 1924 2522 actae
1935 2451 2040 2521 rei
2062 2450 2552 2522 testimonium
2562 2448 2926 2548 perhiben-

833 2564 1048 2641 tibus,
1082 2566 1458 2637 Affuerunt
1491 2567 1707 2638 etiam
1747 2566 2205 2665 quamplures
2235 2566 2354 2637 alii
2387 2564 2931 2638 confirmationis

830 2682 1044 2777 hujus
1074 2696 1286 2754 testes
1315 2681 1581 2773 idonei,
1612 2705 1924 2779 quorum
1961 2683 2256 2753 nomina
2286 2681 2682 2779 subscripta
2709 2695 2890 2753 sunt.

930 2797 1257 2869 Clemens
1311 2795 1623 2869 decanus
1697 2797 2004 2869 ecclesiae
2075 2798 2504 2869 ParisiensiS.
2561 2802 2930 2869 Wermun-

835 2912 967 2984 dus
1011 2912 1576 2986 archidiaconus.
1624 2912 1953 2985 Albertus
2017 2927 2435 3012 praecentor.
2487 2917 2694 3008 Hugo
2747 2918 2931 2983 Atra-

833 3028 1141 3100 batensis
1185 3029 1755 3101 archidiaconus
1795 3028 2160 3127 Philippus
2192 3028 2410 3101 frater
2439 3028 2648 3122 regiS.
2689 3026 2932 3098 Nevelo

834 3167 1002 3215 suus
1032 3145 1389 3238 magister.
1424 3141 1812 3216 Walterius
1844 3142 2028 3215 filius
2073 3144 2530 3239 MainburgiS.
2569 3140 2936 3213 Herluinus

834 3262 1242 3334 canonicuS.
1294 3261 1542 3332 Simon
1599 3284 1823 3357 nepos
1881 3258 2182 3331 abbatis,
2229 3260 2570 3331 Mathaeus
2609 3257 2935 3329 dominus

835 3375 927 3448 de
976 3380 1217 3448 Monte
1244 3378 1718 3449 Morenciaco.
1768 3376 2068 3448 Ruricus
2107 3375 2198 3447 de
2229 3374 2521 3447 Andilli.
2574 3372 2812 3445 Guido
2843 3370 2926 3443 de

838 3492 1117 3565 Groela.
1158 3492 1512 3565 Galterius
1537 3490 1628 3563 de
1653 3490 1846 3563 Aine.
1874 3495 2178 3563 Joannes
2216 3490 2306 3563 de
2331 3489 2642 3563 Vinecel.
2683 3485 2933 3583 Philip-

834 3636 970 3708 pus
986 3611 1206 3683 frater
1228 3613 1404 3710 ejuS.
1432 3609 1812 3683 Godardus
1850 3607 1942 3682 de
1982 3613 2241 3682 Sancto
2291 3608 2574 3679 Brictio.
2617 3602 2936 3677 Arnulfus

837 3727 929 3798 de
1005 3732 1225 3799 Hoxa.
1299 3726 1660 3799 lohannes
1735 3724 1823 3797 de
1900 3728 2238 3798 Gonessa.
2301 3725 2616 3796 Ten-icus
2687 3722 2926 3818 major.

847 3840 1196 3913 Evraldus
1244 3842 1679 3941 hospitarius
1709 3898 1724 3912 .
1779 3840 2124 3913 Henricus
2178 3841 2557 3912 vinearius.
2614 3840 2935 3933 Tigerius.

844 3956 1192 4028 Evrardus
1225 3957 1552 4029 famulus

918 4226 975 4281 1.
1018 4224 1184 4282 Nunc
1208 4219 1381 4281 etiam
1408 4224 1774 4281 Saint-Brt’ce
1801 4218 2292 4299 (Seiae-et-Oise),
2317 4216 2484 4299 juxti!
2515 4220 2786 4279 sanctum
2809 4216 2938 4278 Dio-

840 4334 1087 4391 nysuun.
