3275 5317
970 615 1092 671 Vll-3
1129 614 1229 671 DE
1270 612 1493 673 Loms
1532 616 1626 672 LE
1667 614 1891 675 GROS.
2397 620 2470 677 67

366 745 697 842 nequitiae
730 758 928 835 nota,
964 769 1133 817 cum
1154 746 1336 842 regis
1365 746 1706 819 Ludovici
1739 744 2104 845 Philippus
2134 747 2352 823 frater
2383 750 2474 823 de

368 860 794 959 superducta
826 858 847 894 ¹
878 861 1401 958 Andegavense,
1428 878 1576 934 tam
1592 862 1812 960 patris
1837 863 2323 961 persuasione,
2359 850 2511 943 cui*

370 1001 739 1075 nunquam
775 975 1057 1068 restitit,
1092 1002 1312 1075 quam
1344 976 1629 1049 blandis
1680 976 2136 1051 nobilissimae
2180 994 2252 1052 et
2286 980 2474 1053 bene

370 1093 807 1187 morigerata:
834 1116 1157 1165 novercae
1184 1093 1561 1185 illecebriS,
1581 1093 1938 1165 honorem
1964 1095 2224 1167 Montis
2251 1096 2474 1167 Lehe-

365 1208 482 1278 rii·
512 1222 583 1279 et
618 1206 1101 1279 Meduntensis
1140 1209 1349 1281 castri
1392 1210 1467 1279 in
1509 1210 1678 1307 ipsis
1715 1212 1912 1305 regni
1954 1210 2338 1283 visceribus
2383 1211 2477 1284 ab

368 1321 627 1395 eodem
668 1321 1114 1413 obtinuisset,
1166 1324 1555 1421 Philippus,
1595 1326 1809 1397 tantis
1850 1326 2164 1419 ingratus
2201 1324 2474 1399 benefi-

368 1438 975 1527 ciiS,recalcitrare
999 1437 1422 1511 nobilissimi
1432 1440 1704 1535 generis
1719 1439 1978 1514 fiducia
2001 1442 2469 1539 praesumpsit.

367 1558 535 1628 Erat
582 1555 776 1627 enim
812 1556 1207 1626 Amalricus
1230 1555 1322 1627 de
1350 1559 1585 1628 Monte
1616 1558 1842 1629 Forti⁸
1873 1558 2196 1652 egregius
2239 1557 2471 1651 miles,

368 1670 547 1743 baro
570 1672 1101 1769 potentissimus
1117 1726 1136 1763 ,
1170 1671 1561 1745 avunculus
1587 1674 1774 1768 ejus3
1809 1673 2026 1744 Fulco
2061 1698 2304 1745 comes
2335 1674 2476 1745 An-

370 1787 806 1883 degavensiS,
840 1803 1085 1887 postea
1120 1812 1245 1859 rex
1287 1788 1998 1885 HierosolymitanuS,
2039 1790 2260 1861 frater
2291 1790 2468 1886 ejus,

366 1905 589 1975 Mater
627 1904 843 1975 etiam
875 1902 987 1975 his
1022 1903 1357 1977 omnibus
1401 1905 1794 2003 potentior,
1828 1904 2211 2003 viragoque
2249 1904 2476 1978 faceta

368 2033 447 2089 et·
473 2018 943 2091 eruditissima
972 2018 1157 2093 illius
1178 2020 1579 2094 admirandi
1604 2020 1975 2093 muliebris
2001 2020 2306 2111 artificii,
2331 2044 2476 2117 quo

370 2148 890 2207 consueverunt
947 2134 1249 2207 audaces
1308 2138 1453 2208 suis
1516 2137 1734 2209 etiam
1788 2136 2145 2209 lacessitos
2198 2136 2476 2231 injuriis

366 2247 661 2320 maritos
700 2249 1150 2347 suppeditare
1169 2252 1215 2340 ⁴,
1268 2251 1846 2349 Andegavensem
1897 2251 2218 2348 priorem
2273 2248 2482 2320 mari-

366 2376 549 2454 tum,
626 2363 795 2435 licet
852 2346 1068 2436 thoro
1129 2366 1424 2437 omnino
1478 2366 1962 2462 repudiatum,
2037 2366 2139 2435 ita
2196 2363 2480 2437 mollifi-

366 2493 669 2568 caverat,
726 2494 809 2551 ut
846 2503 1005 2549 eam
1046 2493 1388 2576 tanquam
1436 2478 1808 2573 dominam
1855 2494 2316 2551 veneraretur
2331 2532 2352 2569 ,
2405 2495 2478 2552 et

366 2593 682 2666 scabello
714 2594 985 2691 pedum
1032 2594 1182 2689 ejus
1212 2595 1467 2693 saepius
1497 2594 1845 2683 residens,
1887 2620 1970 2666 ac
2017 2596 2074 2667 si
2117 2596 2474 2693 praestigio

368 2708 601 2798 fieret,
618 2708 966 2779 voluntati
1000 2708 1148 2804 ejus
1166 2709 1460 2780 omnino
1482 2709 2052 2808 obsequeretur⁸.
2071 2714 2224 2783 Hoc
2257 2710 2474 2782 etiam

369 2846 599 2895 unum
618 2838 689 2895 et
712 2836 1015 2896 matrem
1041 2839 1110 2896 et
1126 2824 1313 2897 filios
1331 2840 1401 2899 et
1421 2840 1644 2899 totam
1664 2825 2004 2900 efferebat
2026 2827 2468 2925 progeniem,

367 2952 449 3009 ut
479 2940 537 3009 si
571 2938 663 3009 de
697 2939 876 3035 regis
894 2938 1097 3012 ruina
1116 2964 1567 3038 quacumque
1600 2943 1971 3014 occasione
1997 2942 2466 3037 contingeret,

363 3054 543 3127 alter
571 3054 875 3127 fratrum
920 3056 1356 3143 succederet,
1388 3074 1463 3129 et
1484 3058 1587 3130 sic
1608 3061 1629 3095 ⁸
1661 3047 1812 3131 t'ota
1838 3058 2472 3155 consanguinitatis

365 3170 552 3243 linea
586 3170 679 3243 ad
709 3172 969 3245 solium
1011 3172 1235 3269 regni,
1289 3172 1583 3246 honoris
1624 3189 1694 3247 et
1751 3174 2052 3249 dominii
2090 3176 2469 3273 participa-

366 3287 596 3380 tione,
657 3288 1000 3361 cervicem
1052 3289 1566 3385 gratantissime
1626 3290 1982 3387 erigeret:
2031 3293 2213 3363 Cum
2257 3290 2474 3384 igitur

363 3406 689 3502 praefatus
721 3405 1111 3503 Philippus,
1148 3405 1404 3477 crebro
1432 3405 1908 3499 submonitus,
1930 3404 2368 3477 auditionem
2402 3418 2474 3475 et

358 3518 707 3614 judicium
758 3523 967 3592 curiae
1016 3521 1317 3619 superbe
1369 3522 1775 3614 refutasset,
1825 3517 2472 3619 depraedationibus

364 3657 786 3734 pauperum,
822 3636 1247 3711 contritione
1280 3636 1763 3729 ecclesiarum,
1805 3638 2028 3708 totius
2068 3635 2282 3705 etiam
2313 3634 2472 3733 pagi

446 3863 476 3919 1
493 3906 508 3922 .
532 3864 620 3919 De
644 3861 754 3921 hac
780 3881 948 3937 voce,
969 3876 1035 3922 ut
1063 3866 1261 3943 supra.
1292 3896 1371 3910 -
1398 3869 1459 3925 2.
1492 3870 1712 3925 Montis
1745 3864 1951 3926 leber-1⁸
1977 3864 2094 3923 135
2120 3872 2177 3921 et
2205 3864 2347 3921 543.

445 3956 505 4014 3.
534 3955 855 4014 Amalricus
880 3959 981 4019 IV.
1014 3990 1097 4005 --
1118 3955 1740 4035 Montfort-I'Amamy
1769 3959 2258 4034 (Seiae-et-Or‘se).

444 4049 503 4107 4.
546 4051 949 4124 Suppeditare,
982 4048 1045 4108 id
1081 4062 1166 4110 est
1194 4050 1294 4110 sub
1322 4054 1501 4128 pedes
1528 4068 1761 4128 ponere,
1805 4055 2140 4131 opprimere,
2177 4068 2469 4127 superare,

358 4134 528 4219 juxta
549 4138 752 4219 Gangii
774 4140 1139 4219 glossarium.

445 4237 504 4292 5.
530 4232 969 4311 Sub-sequeretur
990 4239 1207 4297 12710.

445 4328 503 4387 6.
535 4332 633 4389 Sic
662 4328 819 4388 deoet
840 4326 899 4387 in
929 4328 1059 4389 cod.
1087 4332 1200 4391 135
1230 4330 1369 4388 etin
1392 4328 1528 4391 edd.
1552 4330 1752 4393 Germ.
1777 4346 1846 4391 ac
1865 4328 2074 4392 Chesn.
