3275 5317
954 533 1079 590 vm
1119 533 1222 590 DE
1260 533 1481 591 Lotus
1520 535 1613 592 LE
1656 534 1876 594 GROS.
2395 539 2470 596 83

349 664 489 736 Dei
514 677 587 735 et
628 663 825 736 beati
870 665 1193 760 Dionysii
1240 666 1716 739 munitionem
1769 667 2162 759 intrabant,
2221 683 2294 740 et
2342 671 2474 741 Dei

349 777 619 852 auxilio
651 782 671 818 ¹
702 795 777 852 et
814 779 957 852 loci
998 781 1328 877 praesidio
1364 783 1656 856 munitis
1703 783 2284 882 propugnaculis,
2322 801 2474 858 tam

352 895 655 968 viriliter
679 921 901 992 quam
941 895 1406 970 audacissime
1437 897 1882 992 resistebant.
1927 903 2070 972 Nos
2104 914 2345 972 autem
2375 902 2476 972 ci-

354 1023 465 1082 tra
496 1009 917 1082 Curboilum
944 1010 1335 1105 venienteS,
1379 1037 1547 1084 cum
1593 1014 1894 1086 domino
1941 1015 2117 1110 regi,
2167 1015 2292 1112 qui
2324 1015 2477 1111 jam

351 1126 461 1198 rei
485 1126 865 1199 veritatem
904 1151 947 1196 a
978 1128 1411 1200 Not-mannia
1442 1119 1840 1227 acceperat,
1874 1154 2425 1202 occurreremus
2454 1181 2476 1224 ,

352 1241 689 1314 citissime
744 1243 1083 1341 inquisita
1120 1243 1469 1317 adventus
1506 1246 1734 1318 nostri
1780 1268 2018 1338 causa,
2073 1245 2454 1344 simplicita

358 1371 503 1430 tem
532 1372 861 1430 nostram
902 1358 1171 1450 derisit,
1216 1375 1291 1431 et
1326 1385 1494 1432 cum
1550 1359 1782 1433 multa
1815 1360 2304 1456 indignatione
2337 1364 2485 1431 Hu-

356 1473 559 1568 gonis
608 1472 937 1546 fraudem
978 1474 1301 1573 aperiens
1322 1529 1343 1566 ,
1381 1474 1475 1546 ad
1509 1475 2050 1572 suffragandum
2079 1473 2260 1547 villae
2290 1473 2483 1546 velo-

354 1589 634 1662 cissime
664 1589 962 1661 remisit.
1004 1593 1091 1662 Et
1119 1590 1297 1662 dum
1329 1589 1479 1688 ipse
1512 1592 1915 1689 Stampensi
1945 1591 2058 1663 via
2091 1592 2478 1664 exercitum

354 1703 727 1802 colligens,
762 1729 899 1778 nos
935 1705 1227 1777 rectiori
1280 1721 1351 1777 et
1394 1704 1716 1778 breviori
1751 1706 2176 1778 Tauriacum
2231 1705 2480 1799 dirigi-

354 1823 610 1911 mur¹;
647 1820 791 1892 hoc
816 1844 1072 1908 unum,
1110 1821 1341 1894 multo
1380 1836 1453 1894 et
1482 1820 1836 1919 frequenti
1867 1822 2156 1912 intuitu,
2193 1845 2236 1892 a
2271 1820 2483 1915 longe

353 1950 793 2008 assumentes
843 1934 1157 2007 necdum
1210 1951 1573 2035 occupatae
1626 1936 2046 2009 munitionis
2098 1959 2482 2032 argumen-

351 2064 542 2142 tum,
579 2050 779 2148 quod
806 2053 1096 2147 tristega
1132 2052 1351 2124 turris
1382 2053 1457 2125 in
1508 2050 1763 2124 eadem
1817 2051 2217 2124 munitione
2275 2049 2483 2146 longa

353 2164 651 2264 planitie
669 2169 1207 2265 supereminens
1232 2167 1648 2267 apparebat,
1669 2191 1828 2264 quae
1853 2182 2060 2265 capta
2077 2165 2481 2238 munitione

348 2279 543 2352 illico
574 2281 737 2378 igne
762 2279 921 2380 [ab]
950 2285 971 2320 ⁸
1001 2283 1208 2355 hoste
1232 2283 1650 2356 solveretur.
1683 2287 1771 2355 Et
1792 2284 1962 2380 quia
1987 2282 2230 2354 hostes
2251 2295 2480 2352 totam

350 2397 681 2500 viciniam
714 2398 1089 2498 rapiendo,
1125 2397 1564 2472 devastando
1602 2396 2076 2496 occupabant,
2114 2396 2479 2468 neminem

347 2515 913 2608 occurrentium,
970 2512 1181 2586 donis
1220 2515 1435 2586 etiam
1481 2526 1604 2585 aut
1652 2512 2050 2610 promissis,
2099 2509 2480 2584 nobiscum

350 2625 619 2700 ducere
649 2645 1086 2726 poteramus.
1146 2629 1354 2701 Unde
1403 2642 1678 2726 quanto
1710 2627 2110 2725 paucioreS,
2147 2641 2348 2698 tanto
2376 2651 2481 2699 se-

351 2744 703 2834 cariores,
750 2745 897 2840 jam
922 2745 1071 2818 sole
1102 2747 1175 2816 in
1206 2769 1586 2842 vesperum
1622 2742 2054 2836 declinante,
2081 2766 2276 2834 cum,
2309 2742 2478 2840 quia

351 2857 603 2932 hostes
644 2877 920 2934 nostros
969 2876 1121 2936 tota
1160 2862 1275 2934 die
1322 2863 1826 2960 impugnantes
1872 2885 2274 2959 expugnare
2327 2885 2478 2934 non

346 2975 669 3049 valerent
698 2981 741 3066 ⁸,
800 2979 1065 3075 fatigati
1128 3003 1385 3078 parum
1432 2975 1934 3069 substitissent,
1998 3001 2131 3049 nos
2178 3001 2264 3048 ac
2295 2976 2358 3048 si
2385 2977 2479 3049 de

346 3115 610 3164 eorum
643 3117 955 3166 essemus
1022 3095 1412 3186 consorti0,
1483 3091 1842 3193 speculata
1904 3093 2471 3190 opportunitate,

344 3231 499 3280 non
528 3209 683 3281 sine
711 3234 975 3306 magno
998 3209 1323 3309 periculo
1355 3233 1487 3309 per
1536 3209 1858 3282 medium
1882 3208 2066 3281 villae
2089 3209 2471 3302 irruenteS,

344 3324 521 3420 quia
551 3323 815 3423 quibus
848 3327 1312 3399 innueramus
1342 3328 1363 3363 ⁸
1404 3326 1479 3397 in
1512 3324 2068 3424 propugnaculis
2124 3339 2478 3398 nostrates

428 3600 457 3654 1
474 3643 488 3658 .
516 3599 660 3656 Cum
686 3602 803 3656 Dei
824 3603 1047 3656 auxilio
1074 3601 1251 3658 6265.

430 3694 491 3751 2.
522 3695 855 3770 Dirigimur
878 3703 1038 3770 quat.
1067 3691 1240 3750 codd.
1268 3701 1326 3750 et
1352 3687 1487 3749 edit.
1521 3685 1815 3748 Benedict.
1848 3719 1930 3733 --
1950 3689 2288 3764 Diligimur,
2314 3705 2476 3748 men-

347 3782 519 3856 dose,
546 3787 768 3843 12710.
807 3815 888 3832 --
913 3791 1230 3863 Dirigimus
1254 3783 1392 3844 edd.
1424 3782 1623 3842 Germ.
1653 3792 1713 3840 et
1736 3779 1946 3841 Chesn.
1977 3835 2010 3848 ξ

433 3881 495 3938 3.
524 3878 617 3936 Ab
641 3878 866 3938 addunt
884 3877 1179 3942 Benedict.

434 3973 495 4029 li.
519 3973 608 4030 Ita
630 3984 793 4050 quat.
820 3972 991 4032 codd.
1021 3985 1193 4051 atque
1228 3971 1368 4034 edit.
1394 3968 1691 4032 Benedict.
1720 4000 1801 4016 --
1826 3973 2090 4027 Valenees
2117 3972 2235 4031 135
2276 3981 2336 4030 et
2375 3989 2479 4030 re-

435 4082 469 4121 u
662 4107 675 4121 .

344 4062 902 4218 hq5.aeletilriiueramus
926 4159 1099 4222 codd.
1133 4178 1355 4232 omnes,
1381 4158 1631 4236 itemque
1655 4155 1800 4222 edit.
1824 4155 2123 4217 Benedict.
2149 4189 2229 4202 —-
2249 4163 2484 4219 Munie-

346 4271 566 4333 ramus,
596 4251 897 4325 mendose,
923 4252 1165 4331 reliquae
1186 4252 1319 4313 edd.
