3275 5317
840 395 958 452 4¹0
1264 392 1587 451 OEuvavs
1624 376 2056 449 commi-“s
2095 390 2198 447 ns
2238 389 2513 448 sunna.

840 524 1169 623 quamvis
1216 524 1710 595 universorum
1757 519 2032 617 gaudiis
2083 520 2626 621 prosequendus
2669 524 2788 615 sit,
2827 524 2943 621 qui

840 640 1105 713 oelcata
1134 654 1371 711 morte
1400 662 1752 711 coronam
1770 636 1924 734 jam
1956 636 2352 708 securitatis
2391 636 2714 735 accepit?
2747 643 2946 711 Pote-

838 758 1063 829 rimus
1106 778 1425 852 unqnam
1480 767 1605 824 aut
1664 752 1846 824 tanti
1899 776 2045 823 non
2077 753 2485 823 meminisse
2519 756 2770 850 patriS,
2832 770 2948 827 aut

838 872 989 944 sine
1036 866 1480 967 lacrymabili
1516 863 1831 963 quadam
1863 866 2278 937 meminisse
2322 866 2596 960 gratia?
2643 867 2788 939 Sed
2845 868 2946 941 hae

838 984 1047 1057 nobis
1064 982 1618 1071 recordationeS‚
1653 982 1784 1053 etsi
1803 979 2092 1053 dolores
2114 980 2484 1069 innovant,
2509 980 2946 1080 voluptatem

837 1116 1077 1174 tamen
1114 1098 1449 1171 afferunt.
1487 1100 1725 1183 Quem
1761 1096 1820 1167 si
1856 1095 2100 1189 lugere
2133 1096 2560 1193 ceperimuS,
2597 1097 2694 1169 de
2727 1098 2944 1171 salute

836 1216 1149 1290 fortassis
1184 1215 1423 1285 minus
1453 1236 1738 1311 sperare
1762 1211 2187 1285 videbimur.
2233 1212 2308 1282 Si
2339 1210 2688 1310 lacrymas
2709 1238 2836 1286 om
2885 1216 2940 1285 i-

834 1359 936 1407 no
986 1328 1579 1419 continuerimus,
1636 1328 2018 1425 impietatis
2079 1343 2149 1400 et
2203 1328 2734 1425 ingratitudinis
2801 1354 2940 1401 non

834 1448 1197 1521 immerito
1222 1466 1628 1540 arguemur.
1658 1443 1880 1539 Cujus
1901 1466 2170 1534 casum,
2198 1468 2348 1540 quo
2379 1444 2594 1517 nobis
2625 1460 2812 1517 esset
2839 1461 2940 1517 to-

836 1561 1226 1652 lerabilior,
1306 1584 1439 1631 nec
1494 1556 1972 1656 praemeditari
2017 1558 2410 1656 potuimus.
2483 1564 2587 1631 Ita
2643 1559 2936 1657 pavebat

834 1680 1116 1751 animus
1145 1676 1285 1749 tale
1322 1674 1593 1771 aliquid
1624 1672 1718 1745 de
1755 1671 1880 1745 illo
1914 1674 2250 1769 cogitare,
2288 1699 2434 1747 non
2483 1675 2686 1774 quod
2709 1680 2726 1715 ¹
2777 1700 2936 1747 oon-

832 1792 1181 1865 ditionem
1234 1792 1753 1889 ignoraremus,
1813 1788 1940 1861 sed
1969 1790 2137 1887 quia
2173 1790 2266 1863 de
2297 1790 2422 1861 illo
2455 1792 2590 1862 nisi
2639 1788 2936 1863 secunda

832 1909 1076 1981 omnia
1108 1908 1420 2001 cogitare
1459 1930 1608 1977 non
1665 1904 2182 1979 didicissemus,
2241 1910 2510 2004 Raptus
2545 1922 2654 1979 est
2711 1922 2932 1980 autem

832 2048 925 2097 ne
954 2022 1223 2095 malitia
1270 2024 1682 2095 immutaret
1729 2044 1859 2091 cor
1897 2021 2076 2117 ejus,
2119 2024 2464 2119 quoniam
2497 2026 2650 2094 Deo
2691 2022 2934 2121 placita

832 2155 985 2213 erat
1014 2140 1251 2211 anima
1277 2137 1492 2209 illius.
1526 2137 1885 2209 Dormivit
1911 2137 1982 2208 in
2009 2139 2320 2211 Domino
2350 2153 2424 2209 et
2437 2140 2806 2237 appositus
2839 2153 2936 2210 est

830 2253 923 2327 ad
954 2270 1191 2355 patres
1231 2278 1425 2343 suos,
1474 2252 1828 2324 enutritus
1868 2252 1942 2324 in
1980 2268 2342 2325 senectute
2372 2252 2590 2325 bona.
2651 2256 2934 2325 Reversa

828 2384 937 2443 est
978 2386 1166 2443 terra
1218 2370 1294 2440 in
1345 2382 1613 2440 terram
1664 2390 1894 2459 suam,
1946 2366 2074 2439 sed
2112 2368 2399 2467 spiritus
2433 2384 2626 2441 astra
2663 2369 2933 2467 petivit,

827 2484 922 2557 ab
960 2484 1086 2558 illo
1118 2482 1575 2557 coronandus
1611 2497 1687 2556 et
1725 2482 2118 2555 electorum
2163 2508 2470 2557 numero
2533 2482 2933 2571 sociandus,

828 2601 974 2691 cui,
1010 2600 1189 2673 dum
1220 2600 1294 2671 in
1352 2624 1567 2673 carne
1616 2613 1825 2690 esset,
1862 2599 2286 2671 ministravit
2315 2613 2390 2671 et
2425 2598 2570 2671 fide
2611 2600 2937 2671 militavit

828 2716 1127 2813 integra.

1062 2919 1214 2974 Dum
1240 2914 1429 2974 meriti
1452 2932 1792 2993 morumque
1818 2912 1932 2973 viri
1970 2913 2216 2993 vitaeque
2257 2914 2558 2988 recordor,

1140 3008 1357 3087 Utpote
1378 3008 1656 3068 virtutum
1679 3007 1940 3067 conscius
1967 3018 2140 3086 atque
2167 3026 2410 3084 memor,

1062 3102 1193 3180 lpse
1217 3098 1353 3160 lioet
1374 3100 1597 3177 sileam,
1624 3100 1889 3178 quamvis
1909 3098 2056 3158 mihi
2083 3112 2218 3159 nota
2245 3101 2580 3172 recondam,

1141 3195 1207 3253 ln
1230 3192 1417 3253 lucem
1434 3206 1625 3253 tamen
1647 3192 1766 3251 haec
1797 3190 1999 3252 efferet
2021 3210 2136 3251 una
2163 3191 2310 3253 dies.

1061 3290 1195 3347 Haec
1221 3298 1430 3346 natura
1451 3285 1614 3361 boni,
1644 3286 1734 3345 vis
1760 3285 1884 3344 haec
1909 3304 2026 3345 non
2055 3304 2225 3364 posse
2248 3285 2460 3365 latet-*23

1099 3432 1107 3441 .
1140 3384 1209 3440 ln
1236 3380 1491 3439 medium
1518 3380 1752 3440 venient
1777 3398 1906 3457 quae
1935 3378 2152 3438 latuere
2179 3380 2298 3439 diu.

1060 3474 1306 3537 vivendi
1328 3475 1573 3533 formam
1598 3473 1803 3533 merito
1827 3471 2165 3532 mortalibus
2183 3473 2348 3535 illum

1139 3568 1374 3627 AEstimo
1399 3567 1684 3627 directum
1703 3567 1930 3625 coelitus
1954 3578 2129 3645 atque
2160 3567 2383 3629 datum.

1061 3661 1326 3739 Ingentes
1356 3659 1577 3719 animos
1603 3660 1666 3718 in
1687 3658 1788 3718 tali
1816 3678 2063 3739 corpore
2084 3658 2290 3733 miror,

1141 3757 1211 3811 Et
1231 3752 1388 3812 bona
1412 3765 1499 3812 tot
1522 3752 1711 3812 claudi
1741 3765 2016 3832 tantaque
2036 3770 2170 3811 vase
2193 3752 2383 3815 brevi.

822 4004 965 4153 30:21
995 4004 1165 4076 Quod
1198 4002 1341 4063 edit.
1384 4004 1603 4065 Bened.
1632 4034 1714 4051 —
1744 4003 1936 4075 Alias,
1969 4005 2144 4064 etiam
2171 4004 2236 4065 in
2261 4004 2392 4066 cod.
2433 4024 2574 4085 ms„
2610 4028 2747 4084 quo,
2777 4026 2946 4069 men-
