3275 5317
896 534 1015 590 338
1330 530 1658 589 OEuvnsss
1699 512 2126 589 courmrzs
2157 530 2260 586 na
2299 526 2568 587 sueta.

894 660 1081 735 Villa
1128 658 1381 753 viginti
1420 657 1712 732 solidos,
1767 662 1854 730 Et
1885 658 1978 731 de
2001 653 2020 689 ¹
2063 658 2421 757 marsupio
2451 654 2902 730 cambiatoris
2927 672 2988 729 et

895 774 1315 849 thelonearii
1347 774 1816 873 quadraginta
1863 772 2155 864 solidoS,
2200 797 2336 872 pro
2373 798 2456 847 ea
2501 797 2986 871 recompensa·

896 892 1089 964 tione
1114 888 1317 989 quod
1346 915 1479 961 nos
1509 891 1936 963 retraximus
1969 889 2061 961 de
2099 913 2320 961 manu
2361 888 2608 961 Urselli
2644 888 2870 963 Judaei
2909 888 2986 961 de

892 1008 1139 1079 Monte
1180 1006 1629 1079 Morenciaco
1674 1004 1927 1077 decem
1973 1003 2275 1096 solidos»,
2331 1028 2514 1104 quos
2573 1003 2954 1104 accipiebat
2967 1006 2986 1041 ¹

894 1122 1096 1195 omni
1120 1119 1626 1193 hebdomada
1606 1146 1684 1193 m
1709 1118 1968 1193 eodem
1997 1122 2362 1219 marsupio
2395 1120 2764 1193 occasione
2809 1120 2984 1193 vadi·

896 1236 1145 1310 monii.
1194 1234 1679 1335 Expendimus
1728 1236 1923 1307 enim
1965 1234 2101 1307 tria
2145 1234 2368 1307 millia
2421 1234 2820 1307 solidorum
2867 1261 2984 1334 pro

896 1352 1324 1427 retractione
1347 1351 1609 1425 horum
1638 1350 2128 1438 denariorum,
2160 1364 2234 1423 et
2263 1349 2450 1423 illius
2477 1350 2662 1423 villae
2689 1374 2848 1448 quae
2889 1351 2982 1423 di-

896 1468 1083 1541 citur
1140 1467 1560 1563 Molignum‚
1624 1488 1782 1563 quae
1835 1465 1928 1537 ab
1991 1465 2248 1537 eodem
2309 1470 2342 1536 J
2352 1465 2554 1538 udaeo
2631 1465 2985 1539 tenebatur

894 1582 1310 1656 vadimonio
1335 1583 1383 1653 ⁸.
2654 1668 2664 1692 ἱ

992 1697 1419 1793 Rogavimus
1449 1698 1665 1769 etiam
1694 1695 1950 1769 fratres
1979 1710 2264 1769 nostros
2296 1711 2374 1768 ut
2407 1694 2658 1769 eadem
2711 1698 2852 1791 die,
2885 1724 2980 1788 ea,

894 1836 1054 1911 quae
1100 1810 1341 1883 divina
1376 1810 1863 1884 munificentia
1907 1812 1983 1883 in
2023 1826 2345 1911 tempore
2379 1810 2980 1887 administrationis

893 1942 1155 2000 nostrae
1174 1926 1409 1999 eidem
1430 1927 1744 1999 eeclesiae
1757 1926 2086 2017 contulit,
2107 1928 2252 1999 sive
2271 1926 2648 2025 palliorum
2671 1929 2820 2001 sive
2847 1929 2978 1999 auri

890 2058 1015 2115 aut
1024 2042 1302 2139 argenti
1314 2057 1730 2115 ornamenta
1747 2056 2218 2141 exponantur,
2236 2057 2360 2114 aut
2371 2042 2444 2123 in
2461 2046 2674 2117 missa
2687 2061 2812 2116 aut
2825 2045 2982 2116 sieut

886 2158 986 2231 eis
1027 2156 1402 2257 placuerit:
1455 2173 1539 2231 ut
1580 2174 1654 2231 et
1705 2157 2008 2230 fratrum
2061 2157 2348 2231 devotio
2391 2160 2610 2230 sacris
2667 2160 2978 2231 orationi·

887 2272 1025 2346 bus
1058 2274 1397 2346 esurienti
1423 2275 1680 2346 animae
1719 2298 1896 2345 meae
1929 2274 2346 2345 miserrimae
2376 2274 2886 2365 accumuletur,
2921 2290 2980 2346 et

880 2412 1379 2462 successorum
1419 2388 1773 2462 abbatum
1805 2390 2138 2463 instantia
2161 2390 2348 2461 circa
2373 2389 2654 2462 cultum
2695 2392 2978 2465 ecclesiae

878 2504 1012 2577 Dei
1026 2506 1408 2579 animetur.
1432 2509 1520 2577 Et
1528 2505 1872 2602 quoniam
1893 2506 2135 2577 omnia
2149 2503 2476 2577 membra
2492 2506 2714 2605 capiti
2733 2532 2858 2578 suo
2871 2507 2974 2579 de·

878 2618 1055 2691 bent
1068 2622 1465 2718 cooperari,
1493 2620 1568 2691 in
1588 2620 1924 2693 omnibus
1937 2619 2131 2692 cellis
2145 2620 2410 2718 ubique
2427 2634 2790 2694 terrarum
2799 2623 2975 2695 anni-

874 2737 1263 2809 versarium
1294 2752 1620 2810 nostrum
1645 2736 2044 2809 secundum
2071 2738 2398 2809 locorum
2431 2738 2902 2835 quantitatem
2919 2752 2976 2809 et

874 2850 1421 2949 possibilitatem
1438 2850 1591 2924 fieri
1608 2852 1990 2950 petivimus
2017 2878 2034 2923 :
2065 2850 2394 2925 videlicet
2409 2852 2606 2951 apud
2633 2853 2971 2950 Argentoi·

878 2964 1061 3058 lum,
1074 2990 1295 3064 quem
1304 2966 1572 3059 locum,
1590 2991 1723 3067 per
1734 2968 1964 3040 multa
1972 2982 2294 3066 tempora
2309 2982 2802 3041 trecentorum
2818 2970 2976 3041 fere·

877 3103 1239 3154 annorum
1276 3080 1370 3153 ab
1416 3082 1706 3156 ecclesia
1737 3084 1871 3157 ista
1911 3081 2322 3173 alienatum,
2369 3098 2442 3155 et
2481 3084 2972 3159 monacharum

877 3194 1432 3269 extraordinaria
1447 3196 1728 3268 levitate
1748 3221 1928 3295 pene
1941 3213 2405 3296 prostratum,
2435 3196 2686 3272 labore
2715 3216 2968 3289 nostro,

876 3308 1299 3409 praesidente
1356 3326 1431 3383 et
1476 3312 1851 3410 privilegio
1911 3313 2242 3387 firmante
2303 3338 2590 3387 summo
2651 3314 2973 3388 Pontifice

878 3422 1087 3499 honae
1122 3428 1487 3498 memoriae
1526 3430 1875 3523 Honorio,
1925 3446 2262 3526 regnante
2293 3444 2364 3502 et
2407 3430 2847 3505 concedente
2883 3433 2975 3503 in-

877 3540 1048 3612 clito
1096 3564 1260 3637 rege
1304 3540 1698 3635 Ludovi00‚
1748 3545 2019 3617 restitui
2065 3545 2638 3639 elaboravimus3
2683 3547 2810 3621 ubi
2853 3548 2974 3619 fra·

878 3666 1023 3726 tres
1040 3652 1293 3727 eadem
1319 3655 1437 3727 die
1469 3655 1562 3729 de
1594 3658 1902 3729 Sartoris
1932 3658 2150 3732 Villa·
2182 3658 2430 3731 decem
2465 3660 2737 3734 solidos
2767 3660 2970 3733 refec-

957 3866 1017 3927 1.
1047 3870 1197 3925 Item
1225 3867 1301 3924 de
1324 3864 1535 3925 eaedem
1562 3864 1700 3927 edd.
1745 3898 1823 3913 -
1863 3870 1926 3931 2.
1953 3868 2284 3949 Arre'piebat
2305 3870 2520 3930 eedem
2545 3872 2686 3932 edd.

953 3960 1008 4015 3.
1040 3959 1141 4031 V„
1187 3958 1262 4017 de
1304 3957 1415 4017 hoc
1442 3956 1603 4032 ville,
1624 3976 1692 4039 p.
1739 3961 1886 4037 1563
1925 3972 1986 4021 et
2031 3960 2105 4021 de
2147 3961 2377 4043 praediis
2405 3965 2580 4044 supra
2633 3962 2970 4035 memoratis,

874 4066 939 4127 p.
984 4052 1121 4121 159,
1153 4053 1468 4125 163,164.

956 4142 1013 4199 4.
1044 4146 1191 4199 Fere
1214 4141 1379 4202 deest
1408 4142 1469 4201 in
1495 4140 1589 4204 ed.
1624 4142 1836 4205 Chesn.

950 4236 1009 4292 3.
1052 4236 1218 4294 Nunc
1234 4240 1599 4297 Sartmuville
1620 4238 2100 4321 (Scine-et-Oe‘se).
