3275 5317
1054 1057 1465 1127 SUGERII
1514 1056 1774 1125 VITA.

798 1314 1160 1417 Gaufredo
1186 1320 1205 1358 ¹
1226 1342 1355 1389 suo
1382 1341 1554 1388 suus
1584 1320 1687 1389 W
1685 1314 2023 1389 illelmus.

458 1593 815 1683 Quoniam
847 1608 915 1665 te
950 1607 1294 1691 praesente
1330 1590 1611 1664 nullum
1652 1588 1826 1663 mihi
1859 1604 2142 1688 tempus
2175 1588 2269 1661 ad
2299 1590 2475 1663 scri-

362 1707 689 1781 bendum
739 1706 1117 1781 videbatur
1166 1730 1472 1780 vacuum
1494 1761 1515 1799 ,
1574 1721 1740 1805 post
1791 1706 2182 1779 discessum
2241 1708 2476 1779 statim

363 1846 645 1896 memor
672 1846 972 1921 precum
1002 1838 1292 1894 tuarum
1323 1837 1395 1894 et
1440 1847 1615 1895 meae
1655 1821 2174 1921 promissioniS‚
2208 1821 2482 1921 arripui

364 1936 721 2009 calamum
755 1952 829 2009 et
855 1937 1107 2029 institi,
1154 1952 1234 2009 ut
1270 1937 1509 2035 potui,
1542 1936 1880 2027 scribere,
1918 1935 2186 2009 scilicet
2215 1936 2308 2009 de
2338 1940 2472 2008 Su-

365 2054 564 2149 gerio
595 2067 869 2144 nostre,
900 2052 1174 2150 aliquid
1204 2052 1404 2150 quod
1436 2066 1505 2124 et
1534 2049 1666 2123 tibi
1697 2053 1786 2123 sit
1807 2067 2084 2147 gratum
2123 2065 2196 2123 et
2231 2051 2481 2125 multis

365 2168 567 2253 utile.
596 2170 941 2257 Quotiens
972 2170 1166 2240 enim
1199 2168 1335 2241 viri
1368 2166 1557 2240 illius
1594 2164 1985 2239 venerandi
2014 2192 2296 2239 mecum
2331 2168 2478 2240 vir-

368 2281 557 2357 tutes
582 2283 893 2375 intueor,
916 2284 1249 2380 quotiens
1273 2282 1664 2355 verborum
1688 2279 2034 2354 recordor
2051 2296 2126 2353 et
2141 2306 2474 2381 operum,

357 2382 441 2469 win
468 2398 830 2495 exemplar
860 2413 1052 2471 certe
1081 2398 1262 2469 mihi
1284 2396 1571 2469 videtur
1587 2395 1844 2493 editus,
1871 2410 2117 2467 uttam
2134 2420 2221 2467 ex
2247 2396 2485 2471 verbis

365 2511 519 2609 ejus
547 2536 767 2609 quam
786 2510 1123 2609 operibus
1160 2510 1447 2582 vivendi
1475 2510 1782 2582 formam
1804 2533 2214 2583 successura
2247 2510 2482 2583 trahat

366 2626 764 2723 posteritas
805 2626 1023 2723 Cujus
1050 2626 1217 2723 quia
1256 2626 1415 2697 vitae
1453 2623 1870 2721 aliquandiu
1921 2638 2161 2697 tecum
2193 2625 2481 2698 interfui

368 2754 441 2815 et
472 2752 741 2813 secreta
777 2740 1130 2839 perspexi,
1159 2764 1413 2812 vereor
1452 2740 1619 2813 satis
1647 2763 1741 2811 ne
1777 2740 2306 2837 ingratitudinis
2336 2765 2486 2813 me·

365 2856 508 2927 rito
538 2880 820 2951 arguar,
870 2856 929 2926 si
972 2880 1123 2928 non
1156 2878 1235 2927 ea
1282 2878 1441 2953 quae
1471 2855 1565 2927 ad
1595 2879 1834 2928 meam
1871 2880 2258 2955 pervenere
2286 2855 2482 2930 noti-

368 2968 541 3041 tiam
569 2968 831 3067 quibus
859 2994 1155 3069 possum
1201 2970 1437 3042 verbis
1475 2969 1830 3062 extuler03
1872 2972 2178 3044 maxime
2209 2996 2380 3045 cum
2411 2988 2486 3046 et

368 3098 625 3181 praeter
645 3086 983 3158 meritum
998 3110 1169 3157 usus
1192 3085 1328 3157 sim
1350 3086 1501 3183 ejus
1520 3086 1744 3181 gratia
1761 3102 1834 3159 et
1863 3086 2204 3159 senserim
2217 3086 2488 3163 benefi-

366 3198 511 3283 cia;
536 3198 704 3271 licet
733 3200 1079 3273 virtutum
1092 3199 1245 3273 haec
1262 3202 1349 3273 sit
1381 3215 1664 3295 natura,
1680 3216 1762 3274 ut
1776 3199 1998 3275 latere
2020 3224 2166 3275 non
2185 3204 2484 3303 possint,

368 3312 646 3385 etiamsi
682 3314 985 3387 consciis
1028 3313 1366 3387 omnibus
1404 3314 1767 3388 silentium
1807 3315 1994 3389 livor
2030 3318 2390 3410 indixerit,
2417 3334 2489 3391 et

368 3425 659 3513 latuisse
687 3452 937 3501 earum
966 3454 1114 3502 non
1148 3429 1239 3502 sit
1268 3429 1812 3505 detrimentum.
1851 3432 2104 3505 Veniet
2131 3433 2325 3504 enim
2355 3431 2485 3505 ali-

369 3541 699 3641 quando,
731 3544 971 3618 veniet
1018 3543 1199 3638 dies,
1248 3548 1373 3644 qui
1423 3545 1844 3620 abscondita
1889 3562 1963 3620 et
2015 3546 2234 3621 seculi
2283 3547 2490 3620 mali-

369 3656 637 3750 gnitate
668 3682 1074 3759 compressa
1100 3660 1173 3733 in
1206 3660 1444 3734 lucem
1461 3660 1657 3734 bona
1684 3660 1959 3735 efferet.
1979 3666 2218 3734 Unum
2248 3662 2488 3761 itaque

369 3794 413 3841 a
445 3786 517 3845 te
540 3788 832 3871 oportet
870 3776 1277 3874 impetrem,
1312 3800 1407 3847 ne
1439 3776 1513 3847 in
1547 3774 1660 3847 his
1683 3800 1842 3872 quae
1864 3773 1953 3847 de
1982 3775 2105 3849 illo
2136 3802 2490 3851 memora-

373 3901 581 3961 turus
626 3913 789 3960 sum
826 3906 1103 3963 certum
1150 3890 1464 3989 aliquem
1504 3914 1621 3962 me
1665 3890 1869 3988 sequi
1911 3890 2086 3964 velis
2115 3893 2486 3984 ordinem3

378 4027 552 4075 eum
588 4002 903 4077 scribere
952 4006 1455 4107 proposuerim
1507 4020 1721 4103 prout
1751 4006 1932 4079 mihi
1973 4010 2356 4106 potuerint·
2369 4034 2492 4083 oc-
2532 4008 2536 4013 ’

456 4251 517 4310 1.
548 4253 635 4309 Ita
652 4252 713 4310 in
740 4252 876 4312 edd.
907 4256 1114 4315 Franc.
1146 4254 1403 4328 Chesnii,
1432 4254 1666 4314 baronis
1691 4256 1765 4314 de
1786 4254 1998 4317 Aitolio
2023 4268 2080 4316 et
2101 4255 2490 4320 Felibieni.-

382 4344 667 4419 Gaut'rido
688 4346 948 4405 scribunt
964 4347 1337 4407 Benedictini.
