3275 5317
602 616 701 673 DE
740 616 835 673 LA
877 614 1437 675 CONSECRATION
1477 618 1575 673 DE
1618 615 2101 673 SAINT-DENIS.
2301 616 2418 671 233

307 743 701 837 nobilibus,
759 758 829 816 et
891 744 1225 840 gregariis
1278 744 1586 816 militum
1647 759 1720 815 et
1766 742 2092 842 peditum
2135 745 2416 837 turmis,

308 862 503 933 nulla
529 861 843 960 suppetit
874 860 1347 960 computatio.
1390 860 2111 959 Archiepiscoporum
2143 885 2318 933 vero
2349 877 2423 936 et

307 977 812 1075 episcoporum
831 976 1305 1049 assistentium
1338 977 1487 1048 haec
1514 975 1870 1049 intitulata
1891 990 2056 1048 sunt
2075 978 2370 1049 nomina
2395 1004 2414 1050 z

306 1095 607 1164 Samson
639 1092 1003 1163 Remensis
1033 1092 1633 1191 archiepiscopuS,
1665 1094 1871 1185 Hugo
1903 1090 2422 1187 Rothomagen-

308 1209 403 1280 sis
460 1207 1061 1306 archiepiscopus,
1093 1207 1361 1279 Guido¹
1406 1210 1774 1279 Senonum
1818 1206 2416 1305 archiepiscopuS,

307 1322 757 1396 Theobaldus
801 1323 1320 1394 Cantuariensis
1362 1323 1961 1421 archiepiscopus,
2013 1322 2413 1395 Gaufredus

307 1439 601 1510 Carnoti
663 1438 1036 1537 episcopus
1056 1492 1077 1529 ,
1140 1437 1465 1510 Joslenus
1523 1442 1942 1510 Suessorum
1994 1440 2410 1536 episcopm,

306 1553 555 1625 Simon
628 1552 956 1624 Noviomi
1029 1554 1403 1650 episcopus
1434 1606 1453 1643 ,
1534 1553 1716 1625 Elias
1803 1550 2195 1625 Aurelianis
2277 1555 2419 1651 epi-

306 1692 565 1766 scopus
588 1722 609 1759 ,
676 1668 840 1741 Odo
882 1668 1164 1740 Belvaci
1225 1669 1627 1767 episcopm,
1695 1671 1899 1764 Hugo
1951 1668 2416 1740 Autissiodori

308 1786 681 1881 episcopus
698 1837 717 1873 ,
784 1783 1057 1856 Alvisus
1078 1838 1085 1843 -
1107 1783 1424 1855 Atrebati
1460 1784 1836 1882 episcopus
1863 1838 1882 1875 ,
1925 1781 2165 1855 Guido
2215 1786 2418 1857 Cata-

305 1899 537 1972 launis
589 1900 984 1998 episcopus,
1046 1900 1333 1997 Algarus
1383 1902 1964 1973 Constantiamm
2015 1900 2418 1999 episcopm,

304 2019 652 2087 Rotrocus
683 2016 1131 2088 Ebroicensis
1162 2016 1567 2113 episcopus,
1606 2015 1776 2088 Milo
1789 2016 2260 2088 Teruanensis
2279 2018 2425 2115 epi-

305 2154 587 2229 scopus,
624 2134 984 2203 Manasses
1016 2130 1267 2202 Meldis
1291 2132 1694 2229 episcopus,
1725 2136 1976 2202 Petrus
2006 2131 2424 2203 Silvanectis

303 2246 704 2346 episcopus,
779 2246 921 2334 Qui
975 2270 1227 2317 omnes
1296 2271 1463 2319 cum
1530 2245 1834 2341 gloriose
1903 2272 1988 2319 ex
2047 2246 2424 2319 altioribus

302 2360 608 2433 ecclesiae
643 2386 783 2434 suae
814 2361 1139 2459 personis
1174 2385 1309 2459 pro
1346 2376 1539 2433 tanta
1580 2376 1652 2432 et
1683 2376 1832 2433 tam
1871 2361 2098 2434 nobili
2140 2364 2423 2434 actione

299 2489 503 2547 tanto
529 2475 932 2575 spectaculo
961 2476 1439 2564 accessissent,
1464 2476 1880 2548 interiorem
1901 2478 2159 2549 mentis
2179 2492 2253 2549 et
2270 2502 2428 2550 cor-

301 2592 499 2690 poris
528 2592 1003 2664 intentionem
1047 2592 1282 2663 cultus
1316 2607 1390 2664 et
1430 2591 1722 2663 habitus
1755 2592 2062 2664 exterior
2103 2591 2426 2689 designa-

311 2706 439 2775 vit.
496 2710 639 2777 Nos
677 2720 918 2777 autem
964 2728 1115 2777 non
1174 2708 1485 2778 tantum’
1532 2706 2002 2779 exterioribus
2056 2707 2181 2805 (ea
2229 2709 2423 2780 enim

299 2818 683 2896 affluenter
738 2821 887 2892 sine
922 2820 1211 2918 querela
1272 2820 1592 2894 exhiberi
1643 2823 2266 2921 praeceperamus),
2307 2823 2424 2895 die

298 2933 586 3006 sabbati
609 2935 974 3033 proxima„
989 2938 1420 3008 Sanctorum
1438 2961 1744 3034 corpora
1774 2936 1866 3008 de
1899 2938 2044 3009 suis
2065 2962 2423 3009 assumen-

299 3063 407 3122 tes
442 3049 805 3139 oratorii3‚
842 3074 927 3121 ex
960 3050 1482 3123 consuetudine
1510 3052 1583 3122 in
1634 3050 1941 3149 palliatis
1978 3053 2299 3124 tentoriis
2341 3054 2417 3125 in

300 3166 492 3236 exitu
521 3164 724 3237 chori
748 3164 1245 3237 decentissime
1281 3167 1699 3263 reponendo
1738 3167 2157 3241 locavimus.
2185 3172 2414 3241 Sacra·

300 3280 635 3352 mentalia
699 3281 1259 3353 consecrationis
1304 3282 1776 3356 instrumenta
1832 3282 2087 3356 devote
2137 3300 2420 3358 tantum

301 3393 642 3488 gaudium
674 3395 1163 3494 praestolantes
1182 3397 1782 3495 praeparabamus,
1803 3424 1949 3497 quo
1967 3400 2238 3471 intenta
2265 3414 2420 3469 tan-

303 3523 542 3581 tarum
602 3534 1096 3609 personarum,
1163 3526 1310 3582 tam
1373 3528 1613 3586 sancta
1669 3514 1996 3613 expedite
2042 3512 2414 3585 ecclesiam

301 3624 495 3696 intus
529 3640 601 3698 et
627 3640 821 3697 extra
856 3628 1279 3724 perlustrare
1324 3644 1561 3726 posset
1591 3630 1980 3728 processio,
2027 3652 2420 3725 compone-

302 3738 585 3813 bamus.
617 3742 822 3814 Unde
854 3766 1022 3813 cum
1052 3742 1441 3837 gloriosum
1485 3760 1556 3816 et
1588 3742 2078 3815 humillimum
2109 3746 2162 3812 F
2163 3766 2416 3814 ranco-

302 3878 470 3927 rum
521 3880 761 3952 regem
813 3856 1253 3930 Ludovicum
1302 3874 1381 3930 ut
1420 3884 1547 3957 per
1590 3857 1972 3956 optimates
2016 3870 2089 3929 et
2137 3858 2415 3931 nobiles

308 3996 477 4043 suos
493 3971 584 4043 ab
605 3970 755 4069 ipsa
772 3973 1225 4069 processione
1244 3973 1658 4048 obviantem
1679 3988 1960 4044 arceret
1979 3973 2264 4047 turbam
2287 3973 2420 4046 hu·

385 4216 416 4272 1
432 4256 451 4275 .
478 4211 715 4292 Coi-rige
743 4220 905 4294 Hugo
932 4214 1225 4295 (Bened.).

386 4306 450 4368 2.
480 4306 697 4386 Supple
725 4314 925 4367 intenti
952 4306 1249 4391 (Bened.).
