3275 5317
749 623 895 682 sUR
938 622 1079 682 SON
1120 625 1758 682 ADMINlSTRATION
1797 627 2231 687 ABBATIALE.
2434 635 2543 690 17¹

412 772 713 856 reperta
746 754 1090 852 sacrilego
1125 757 1378 853 spiritu
1426 771 1852 855 asportaret,
1901 758 2304 856 adjacentes
2350 763 2554 837 villas

414 870 933 971 frequentibus
981 871 1323 970 hospiciis
1364 872 1862 965 confunderet,
1915 898 2278 948 annonam
2311 895 2384 952 et
2422 881 2554 952 tal-

412 989 599 1062 liam
643 986 781 1060 sibi
821 988 1171 1087 primum,
1226 986 1486 1060 deinde
1533 985 1860 1087 dapifero
1898 1015 2056 1082 suc,
2096 992 2357 1064 deinde
2388 983 2559 1093 prae-

414 1106 663 1206 posito
683 1129 845 1196 suo,
866 1105 1305 1176 rusticorum
1329 1103 1784 1200 vectigalibus
1816 1105 1910 1178 ad
1941 1121 2255 1180 castrum
2292 1106 2556 1182 deferri

414 1237 737 1317 cogeret.
794 1221 927 1292 Vix
973 1221 1097 1318 qui
1150 1219 1450 1292 aderant
1495 1220 1630 1292 sub
1691 1236 1840 1294 tam
1887 1223 2214 1295 nefandae
2266 1250 2556 1323 oppres-

424 1339 645 1410 sionis
694 1335 889 1409 mole
930 1335 1291 1410 vivebant.
1338 1338 1520 1407 Cum
1570 1361 1739 1432 ergo
1799 1337 1943 1410 fere
1998 1363 2135 1436 per
2181 1337 2554 1412 biennium

424 1453 705 1526 ibidem
736 1451 1209 1544 demorando,
1234 1451 1346 1524 his
1369 1467 1441 1523 et
1466 1450 1619 1524 aliis
1646 1453 1877 1546 maliS,
1907 1468 1978 1525 et
1999 1455 2327 1527 humanae
2352 1481 2552 1529 com-

422 1569 771 1670 passionis
802 1566 1204 1660 doloribuS,
1236 1581 1306 1638 et
1334 1567 1646 1640 ecclesiae
1665 1584 1927 1642 nostrae
1956 1567 2336 1669 dispendio
2365 1570 2555 1644 defa-

427 1689 689 1784 tigarer
708 1740 729 1777 ,
786 1709 921 1757 nec
960 1709 1095 1756 nos
1136 1683 1399 1775 solum,
1450 1707 1705 1756 verum
1763 1685 1978 1756 etiam
2032 1710 2283 1759 omnes
2335 1687 2556 1760 eccle-

425 1802 653 1876 clesiae
716 1827 873 1901 quae
925 1802 1001 1872 in
1063 1800 1386 1899 partibus
1431 1800 1567 1873 illis
1632 1816 1898 1873 terram
1945 1801 2182 1876 haben
2190 1819 2296 1877 tes
2345 1828 2550 1901 aeque

422 1917 964 2019 premebantur,
1017 1917 1513 2008 convenimuS,
1561 1931 1633 1989 et
1668 1931 1749 1989 ut
1783 1918 2037 2016 jugum
2088 1918 2545 2017 importabile

424 2049 501 2107 et
548 2030 1003 2130 tyrannidem
1047 2032 1467 2128 nequissimi
1539 2033 1752 2105 castri
1817 2035 2088 2107 evitare
2145 2059 2541 2134 possemus,

429 2148 753 2244 diligenti
777 2148 1290 2221 deliberatione
1324 2148 1787 2223 contulimus.
1823 2152 2006 2223 Hinc
2035 2153 2325 2224 emersit
2350 2151 2550 2250 quod

422 2263 675 2337 labore
722 2279 968 2336 nostro
1012 2263 1441 2337 venerabilis
1484 2266 1862 2363 episcopus
1918 2267 2374 2338 Carnotensis
2422 2270 2548 2340 lvo

420 2407 557 2480 pro
588 2397 791 2480 parte
820 2406 973 2473 sua,
1016 2380 1410 2479 capitulum
1446 2385 1668 2454 Beatae
1701 2382 1933 2454 Mariae
1965 2407 2101 2480 pro
2133 2407 2285 2472 sua,
2327 2381 2551 2455 abbas

421 2499 661 2570 Sancti
694 2497 884 2570 Petri
922 2521 1059 2594 pro
1094 2519 1247 2586 sua,
1284 2495 1577 2569 ecclesia
1614 2497 1850 2568 Sancti
1879 2496 2222 2570 ,Iohannis
2256 2496 2346 2568 de
2383 2497 2550 2569 Val-

422 2612 566 2684 leta
613 2637 752 2711 pro
802 2637 955 2704 sua,
1004 2613 1379 2712 episcopus
1428 2612 1824 2683 Aurelianis
1859 2636 1994 2711 pro
2051 2637 2205 2705 sua,
2259 2610 2552 2685 ecclesia

426 2729 669 2801 Sancti
697 2728 945 2800 Auiani
977 2752 1113 2826 pro
1127 2753 1281 2820 sua,
1306 2725 1529 2799 abbas
1558 2727 1801 2800 Sancti
1839 2726 2196 2800 Benedicti
2218 2752 2356 2826 pro
2384 2753 2536 2822 sua,

430 2845 1006 2944 archiepiscopus
1050 2845 1351 2916 Senonis
1402 2869 1538 2942 pro
1598 2868 1754 2933 sua,
1809 2859 1881 2915 et
1937 2868 2072 2915 nos
2119 2868 2253 2943 pro
2296 2859 2541 2917 nostra

429 2957 820 3056 gloriosum
867 2984 1106 3056 regem
1150 2959 1503 3032 adivimus
1551 2955 2023 3049 Ludovicum,
2081 2959 2546 3032 ecclesiarum

427 3075 1096 3174 depopulationem,
1140 3099 1541 3174 pauperum
1588 3089 1662 3147 et
1692 3073 2190 3172 orphanorum
2220 3074 2548 3174 deplora-

424 3191 731 3284 tionem,
788 3190 1247 3264 ecclesiarum
1293 3190 1759 3286 eleemosynis
1812 3206 2342 3263 antecessorum
2374 3216 2546 3263 suo-

422 3331 593 3379 rum
647 3321 720 3379 et
773 3309 917 3379 suis
966 3306 1606 3379 exhaeredationem
1648 3304 2182 3378 lacrimabiliter
2224 3306 2547 3405 exposui-

422 3447 613 3494 mus,
670 3423 841 3513 Qui,
894 3436 977 3493 ut
1013 3437 1168 3494 erat
1200 3422 1311 3492 vir
1342 3420 1801 3493 nobilissimae
1851 3419 2240 3510 industriae,
2292 3421 2549 3517 plenus

420 3539 717 3637 pietate,
774 3537 1229 3609 ecclesiarum
1283 3535 1579 3609 illustris
1623 3537 1982 3628 defensor,
2034 3534 2354 3607 auxiliari
2386 3559 2548 3633 spo-

420 3652 721 3752 pondit;
761 3667 831 3725 et
884 3651 1085 3750 quod
1117 3651 1449 3724 ecclesias
1488 3668 1561 3723 et
1592 3653 2056 3724 ecclesiarum
2097 3649 2291 3721 bona
2341 3649 2543 3722 dein·

424 3793 595 3867 ceps
634 3768 901 3840 destrui
948 3793 985 3839 a
1018 3767 1309 3866 praefato
1349 3792 1662 3866 nequam
1693 3767 1896 3839 nullo
1927 3765 2152 3838 modo
2187 3781 2548 3864 pateretur

416 3883 894 3984 jurejurando
939 3882 1276 3955 firmavit.
1323 3882 1540 3972 Quod
1590 3881 1889 3981 quidem
1935 3881 2210 3977 egregie
2242 3882 2540 3972 factum,

421 4023 575 4098 quo
606 4000 885 4092 labore,
921 3998 1184 4097 quibus
1209 4000 1555 4096 expensiS,
1594 4022 1816 4093 quam
1853 3998 2158 4093 graviter
2182 3997 2546 4096 expletum

418 4115 666 4210 fuerit,
716 4116 791 4188 in
840 4116 1051 4212 gestis
1095 4115 1362 4215 praefati
1415 4115 1599 4210 regis
1649 4113 2082 4186 enucleatius
2121 4113 2534 4185 invenitur¹.

512 4370 567 4428 1.
611 4367 683 4422 In
707 4363 837 4422 Vita
863 4361 1144 4422 Ludovici
1170 4360 1397 4435 Grossi,
1427 4361 1603 4441 supra
1631 4359 1816 4435 edita,
1843 4379 2016 4441 capp.
2048 4378 2340 4421 :tvm-xx.
