3275 5317
606 508 753 567 SUR
793 508 933 567 soN
974 508 1611 567 AmansTRATloN
1651 508 2088 567 ABBATIALE.
2291 511 2406 569 197

285 640 868 731 acceleravimuS,
906 654 977 711 et
1010 639 1293 737 utrique
1326 637 1527 711 lateri
1557 663 1808 711 aureas
1845 638 2282 739 apponendo
2306 655 2410 712 ta-

284 756 523 848 bulaS,
558 769 888 853 quartam
921 754 1137 826 etiam
1162 754 1697 853 preciosiorem,
1729 768 1810 825 ut
1835 770 2074 827 totum
2101 758 2410 830 circum-

282 896 573 971 quaque
610 872 831 945 altare
869 885 1243 969 appareret
1280 892 1607 963 aureum,
1656 869 2056 949 attollendo
2100 872 2410 945 circum-

282 988 477 1083 cingi
561 986 883 1060 fecimus,
985 984 1531 1061 collateralibus
1596 984 1898 1085 quidem
1979 984 2412 1061 candelabra

284 1106 539 1202 viginti
585 1129 997 1178 marcarum
1064 1104 1223 1176 auri
1297 1104 1479 1200 regis
1518 1103 1862 1177 Ludovici
1913 1102 2263 1201 Philippi,
2317 1128 2410 1176 ne

285 1245 741 1320 quacumque
758 1220 1134 1294 occasione
1165 1234 1613 1319 raperentur,
1631 1217 1908 1292 ibidem
1940 1217 2404 1318 deponentes,

276 1337 653 1435 jacinctOS,
690 1335 1195 1432 smaragdineS,
1216 1360 1704 1435 quascumque
1721 1360 2036 1432 gemmas
2058 1336 2412 1434 preciosas

283 1452 778 1552 apposuimus,
832 1468 907 1525 et
940 1451 1403 1552 apponendas
1448 1451 1826 1547 diligenter
1859 1452 2234 1548 quaeritare
2283 1448 2410 1522 de-

286 1568 667 1642 crevimus,
700 1572 1033 1657 Quorum
1060 1567 1357 1666 quidem
1391 1591 1638 1640 versus
1680 1565 1760 1638 hi
1803 1580 1992 1640 sunt.
2029 1569 2112 1637 In
2158 1564 2410 1638 dextro

286 1684 509 1758 latere
547 1711 565 1757 z

444 1903 565 1961 Has
589 1918 705 1961 ιιι-ω
730 1897 955 1959 tabulas
981 1898 1175 1980 posuit
1204 1899 1475 1978 Sugerius
1502 1898 1706 1973 abbas,

526 1996 741 2053 Praeter
763 2011 889 2052 eam
910 2012 1089 2072 qnam
1118 2012 1222 2051 rex
1248 1992 1504 2054 Karolus
1531 2003 1668 2051 ante
1688 1988 1871 2050 dedit.

450 2083 721 2161 Indignos
744 2085 912 2144 venia
935 2086 1023 2145 sac
1045 2084 1276 2163 dignos,
1308 2084 1487 2164 Virgo
1509 2083 1718 2144 Maria.

530 2181 705 2259 Regis
729 2194 786 2241 et
809 2182 1035 2243 abbatis
1058 2182 1211 2243 mala
1239 2182 1480 2243 mundet
1502 2180 1631 2241 fons
1651 2180 1904 2261 pietatis.

292 2356 372 2425 In
406 2353 689 2428 sinistro
720 2354 938 2428 latere
977 2384 993 2427 ε

444 2557 503 2619 Si
532 2559 662 2637 quis
684 2556 1021 2637 praeclaram
1052 2556 1385 2638 spoliaverit
1407 2556 1621 2637 impius
1645 2576 1828 2633 aram,

448 2656 630 2731 Eque
651 2652 955 2712 damnatus
980 2662 1183 2731 pereat
1206 2655 1234 2710 J
1240 2652 1371 2710 udae
1390 2650 1664 2715 sociatus.

384 2837 815 2911 Ulteriorem
858 2860 1031 2911 vero
1079 2836 1426 2928 tabulam,
1477 2836 1668 2910 miro
1717 2856 1938 2935 opere
1978 2849 2414 2935 sumptuque

284 2950 615 3056 profuso,
666 2951 1011 3049 quoniam
1056 2950 1345 3023 barbari
1390 2966 1463 3024 et
1501 2951 1940 3051 profusiores
1977 2949 2412 3024 nostratibus

284 3080 489 3141 erant
502 3065 835 3159 artifices,
866 3082 1017 3139 tam
1047 3066 1282 3139 forma
1306 3092 1540 3165 quam·
1552 3067 1848 3140 materia
1876 3064 2218 3157 mirabili,
2239 3090 2409 3137 ana·

284 3183 461 3281 glifo
494 3206 745 3280 opere,
797 3197 880 3254 ut
924 3207 967 3253 a
1011 3181 1446 3280 quibusdam
1501 3183 1646 3258 dici
1685 3182 1912 3281 possit
1964 3210 2001 3249 κ
2039 3182 2412 3254 materiam

280 3296 667 3396 superabat
727 3321 944 3395 opus,
1000 3326 1035 3363 n
1098 3298 1505 3371 extulimus.
1570 3297 1795 3370 Multa
1851 3296 1944 3370 de
2006 3297 2408 3395 acquisitis,

282 3413 497 3513 plura
550 3410 643 3484 de
697 3410 962 3509 quibus
1019 3412 1327 3485 ecclesiae
1380 3414 1854 3504 ornamentis,
1905 3437 2064 3511 quae
2113 3408 2415 3510 perdere

282 3526 719 3600 timebamus
737 3580 759 3617 ,
809 3527 1141 3600 videlicet
1194 3527 1379 3626 pede
1444 3528 1896 3601 decurtatum
1953 3526 2244 3599 calicem
2285 3548 2411 3596 au-

286 3668 497 3717 reum
517 3700 537 3733 ‚
601 3661 672 3715 et
721 3643 1048 3740 quaedam
1110 3642 1243 3715 alia
1304 3641 1577 3715 ibidem
1630 3642 1896 3737 configi
1946 3640 2270 3711 fecimus.
2335 3640 2417 3710 Et

285 3761 633 3858 quoniam
693 3760 903 3832 tacita
950 3758 1141 3831 visus
1194 3759 1597 3855 cognitione
1652 3754 1975 3831 materiei
2022 3752 2410 3847 diversitas,

283 3874 474 3965 auri,
524 3898 991 3973 gemmarum,
1041 3874 1429 3964 unionum,
1466 3871 1736 3970 absque
1784 3867 2260 3966 descriptione
2310 3870 2416 3940 fa-

283 3986 425 4059 cile
456 4012 605 4061 non
636 3988 1129 4085 cognoscitur,
1168 4014 1351 4089 opus
1386 3987 1588 4086 quod
1626 3986 1797 4059 solis
1826 3980 2022 4085 patet
2063 3984 2412 4075 litteratis,

284 4102 492 4200 quod
550 4104 1055 4199 allegoriarum
1113 4102 1597 4203 jocundarum
1655 4098 1908 4199 jubare
1969 4099 2373 4198 resplendet
2391 4150 2410 4189 ,

286 4217 617 4317 apicibus
678 4218 1081 4292 litterarum
1132 4218 1454 4291 mandari
1508 4217 1832 4289 fecimus·
1890 4219 2150 4289 Versus
2203 4218 2418 4285 etiam
