3275 5317
943 602 1072 657 VIE
1113 602 1210 655 DE
1249 600 1472 661 LOUIS
1514 603 1608 657 LE
1650 601 1869 661 GROS.
2408 614 2483 670 59

380 764 416 800 α
455 732 666 819 Quod
711 732 880 829 quia
923 756 1074 804 non
1125 730 1412 823 fecistiS,
1462 732 1811 831 praecipit¹
1857 758 1981 805 rex
2018 750 2092 808 et
2130 752 2215 809 ut
2248 738 2487 813 adhuc

379 880 414 916 α
457 848 746 938 faciatiS,
777 864 850 921 et
892 872 1040 920 non
1083 847 1352 921 factum
1390 847 1542 943 lege
1585 850 2020 946 competenti
2060 853 2479 927 emendetis.

378 992 414 1033 ι(
445 960 756 1035 Dedecet
795 964 991 1035 enim
1039 988 1282 1059 regem
1323 964 1720 1059 transgredi
1758 964 2013 1059 legem,
2052 990 2221 1039 cum
2260 993 2384 1041 rex
2414 985 2488 1042 et

381 1111 414 1148 α
443 1080 555 1153 lex
588 1078 889 1152 eandem
921 1079 1322 1178 imperandi
1367 1081 1717 1178 excipiant
1754 1080 2221 1176 majestatem.
2270 1084 2487 1173 Quod

376 1226 412 1265 α
449 1198 510 1268 si
549 1194 760 1292 quid¹
793 1195 1062 1268 horum
1097 1210 1436 1267 vestrates
1465 1210 1590 1267 aut
1628 1194 2055 1269 dedixerint⁸
2082 1214 2209 1272 aut
2244 1198 2485 1273 dicere

378 1344 414 1382 α
441 1310 965 1385 dissimulando
1017 1310 1401 1400 noluerint,
1460 1310 1679 1408 pleno
1738 1308 2055 1385 duorum
2108 1330 2233 1387 aut
2262 1316 2485 1388 trium

377 1458 412 1498 t(
445 1428 861 1500 testimonio
908 1426 1294 1518 baronum,
1330 1425 1481 1522 lege
1526 1425 1771 1517 duelli,
1802 1428 2027 1524 parati
2068 1454 2313 1503 sumus
2362 1454 2487 1530 ap·

379 1574 414 1611 α
447 1543 784 1642 probare.
833 1572 868 1609 2>
927 1542 1250 1614 Necdum
1288 1540 1400 1613 his
1465 1540 1759 1639 expletis
1793 1540 1887 1613 ad
1928 1566 2169 1638 regem
2208 1548 2483 1619 Franci*

371 1660 758 1751 redierant,
788 1684 958 1731 cum
985 1657 1380 1729 Normanni
1418 1682 1544 1729 eos
1581 1674 2099 1755 consequentes
2126 1664 2149 1701 ⁸
2168 1663 2319 1757 regi
2380 1688 2489 1735 as-

372 1776 653 1866 sistunt,
690 1772 1032 1871 quicquid
1067 1796 1352 1845 causam
1379 1770 1635 1845 laedere
1672 1788 1955 1871 poterat
2006 1775 2485 1851 inverecunde

372 1890 820 1981 diffitentes‘‚
849 1889 1228 1987 judiciario
1259 1888 1512 1961 ordine
1550 1890 1915 1986 querelam
1944 1894 2207 1988 agitare
2245 1910 2487 1992 postu-

371 2005 640 2089 lantes;
689 2029 856 2077 cum
886 2004 1064 2076 nihil
1109 2002 1301 2077 aliud
1346 2004 1701 2102 praecipue
1748 2006 2223 2097 attenderent,
2262 2032 2483 2106 quam

375 2120 576 2219 quod
594 2120 854 2193 infecto
882 2136 1141 2219 paratae
1154 2123 1176 2158 '¹
1190 2120 1485 2193 actionis
1502 2122 1819 2215 negotio,
1843 2147 2295 2222 quacumque
2314 2125 2491 2197 dila·-

373 2237 596 2324 tione,
633 2249 998 2307 tantorum
1037 2234 1232 2330 regni
1265 2236 1697 2332 optimatum
1728 2236 2137 2309 discretioni
2167 2237 2269 2307 rei
2312 2238 2497 2309 veri-

373 2366 478 2423 tas
499 2376 648 2423 non
679 2364 982 2450 pateret.
1023 2350 1504 2421 Remittuntur
1531 2375 1699 2423 cum
1732 2351 1833 2422 eis
1860 2350 2115 2448 primis
2146 2350 2483 2447 potioreS‚

372 2467 498 2565 qui
526 2467 744 2538 etiam
775 2490 908 2562 per
937 2466 1278 2537 comitem
1301 2462 1809 2536 Flandrensem
1834 2463 2224 2537 Robertum
2244 2466 2487 2538 Hiero-

375 2581 910 2678 solymitanum‚
959 2579 1446 2677 palaestritam⁸
1491 2580 1877 2675 egregium,
1912 2603 2067 2651 rem
2120 2579 2485 2653 verificare

377 2695 717 2767 audacter
751 2694 1087 2785 offerant,
1127 2707 1196 2765 et
1226 2692 1376 2788 lege
1419 2692 1634 2765 duelli
1682 2692 2069 2765 verborum
2108 2718 2489 2793 exaggera-

377 2812 650 2883 tionem
697 2808 1102 2901 refutando,
1151 2809 1265 2880 cui
1296 2809 1566 2906 Justitia
1615 2808 1869 2881 cedere
1929 2806 2185 2882 debeat
2236 2811 2483 2883 confli-

375 2926 615 3022 gendo
632 2982 654 3016 ‚
711 2925 1052 3023 aperiant.
1113 2924 1328 3011 Quod
1375 2950 1544 2996 cum
1599 2950 1735 2997 nec
1770 2924 2287 3023 approbassent
2353 2952 2485 3001 nec

371 3042 883 3115 convenienter
934 3038 1432 3138 reprobassent
1451 3094 1474 3131 ,
1533 3064 1661 3111 rex
1716 3038 2145 3133 Ludovicu5‚
2206 3056 2284 3114 ut
2332 3060 2486 3117 erat

371 3156 868 3252 magnanimus
906 3169 978 3227 et
1010 3154 1254 3227 animo
1275 3170 1346 3227 et
1375 3179 1681 3254 corpore
1730 3180 2091 3254 procem,
2148 3156 2486 3230 citissime

373 3272 610 3368 dirigit
633 3272 757 3370 qui
801 3270 948 3366 regi
986 3270 1130 3344 hoc
1171 3270 1302 3367 disj
1311 3274 1631 3366 ungant⁹,
1674 3287 1798 3343 aut
1846 3287 2159 3345 castrum
2192 3272 2484 3345 subver-

456 3471 514 3528 1.
543 3467 636 3527 Sic
659 3467 915 3544 quinque
929 3466 1100 3529 codd.
1123 3496 1203 3513 —
1227 3470 1504 3545 Praecepit
1531 3469 1649 3527 135
1677 3478 1852 3545 atque
1875 3466 2011 3527 edd.

456 3562 518 3620 Ξ.
543 3564 607 3621 Si
627 3566 756 3637 quis
785 3563 923 3619 133.

459 3656 516 3713 3.
548 3655 878 3711 Beda-erint
909 3654 1125 3713 12710.
1145 3656 1572 3713 -Didicerint
1603 3656 1743 3715 133.
1772 3682 1855 3701 —
1896 3654 2293 3713 Dedidecerim
2345 3656 2485 3727 543,

381 3750 558 3822 5925,
583 3748 766 3807 6865.

460 3843 522 3899 Ιι.
556 3838 652 3898 Sic
673 3858 872 3899 omnes
897 3839 1071 3902 codd.
1102 3870 1182 3887 —
1204 3842 1468 3899 Francia·
1488 3838 1624 3899 edd.

463 3937 524 3995 5.
547 3938 914 4009 Insequentes
937 3936 1053 3993 135
1077 3944 1135 3992 et
1161 3932 1297 3992 edd.

460 4029 519 4087 6.
551 4026 892 4103 Diffidentes
923 4030 1038 4087 133
1059 4046 1127 4085 ac
1149 4026 1291 4086 edit.
1317 4029 1518 4086 Germ.
1540 4058 1620 4071 —
1645 4028 1986 4103 Differ-entes
2011 4029 2188 4089 6265.

460 4126 521 4180 7.
549 4120 640 4178 Sic
663 4124 802 4191 135,
821 4120 1070 4198 itemque
1091 4120 1224 4181 edd.
1256 4154 1340 4168 —
1365 4126 1661 4197 Impar-atae
1682 4120 1937 4198 quinque
1965 4122 2138 4181 codd.

461 4216 520 4271 8.
547 4216 931 4271 Palaestricum
961 4217 988 4270 1
1005 4217 1098 4285 33,
1121 4216 1339 4273 12710.

461 4309 521 4366 9.
550 4306 634 4364 lta
657 4304 909 4384 quinque
931 4306 1106 4367 codd.
1131 4318 1188 4365 et
1220 4304 1356 4369 edd.
1389 4336 1466 4353 —
1492 4312 1810 4384 Insungant
1829 4303 1983 4364 solus
2012 4307 2151 4366 133.
