3275 5317
874 518 990 575 342
1314 498 2114 579 ‹nmuvuaess·cxnu1uukrns
2151 518 2256 575 1nz
2295 517 2560 579 stannus

918 894 1068 944 vm.
1122 896 1214 943 DE
1242 894 1640 955 Qunmu
1671 894 1832 955 Qun
1859 893 2194 942 Paulum·
2231 894 2328 942 AD
2367 892 2917 943 mm.

864 1162 1049 1235 Suger
1080 1159 1265 1213 donne
1291 1177 1369 1213 au
1394 1158 1573 1213 σέων·
1606 1157 1684 1211 de
1711 1158 2118 1225 saint-Demus,
2151 1174 2302 1231 pour
2337 1151 2652 1211 leun-etiem
2679 1156 2779 1209 des
2813 1172 2960 1209 me·

946 1263 1127 1307 ments
1158 1252 1235 1306 de
1270 1248 1524 1327 l'e‘gle'se,
1552 1250 1848 1329 plusieurs
1885 1268 2044 1304 cur-es
2081 1248 2407 1323 dependant
2443 1250 2520 1303 de
2553 1250 2620 1303 la
2649 1247 2868 1322 μνέιάέ
2897 1250 2962 1302 de

950 1348 1249 1415 Ber-nm,
1268 1358 1325 1403 ee
1351 1349 1405 1402 Ie
1430 1347 1639 1421 vinage
1657 1346 1732 1401 de
1753 1348 1846 1402 Ia
1871 1342 2164 1416 cmv-ibe,
2183 1347 2522 1399 &nemmem
2545 1342 2723 1417 funde
2737 1359 2846 1417 pn
2861 1344 2958 1399 111·-

1805 1516 2018 1599 (¹137)

968 1733 1049 1799 ln
1084 1728 1381 1799 nomine
1424 1740 1682 1797 sanctae
1722 1738 1798 1797 et
1826 1723 2211 1796 individuae
2235 1724 2620 1813 Trinitatis,
2657 1726 2874 1796 Patris
2901 1740 2962 1796 et

872 1842 1025 1914 Filii
1063 1855 1137 1913 et
1173 1841 1473 1940 Spiritus
1510 1840 1763 1911 sancti.
1805 1842 2056 1910 Amen.
2086 1839 2445 1935 SugeriuS,
2483 1839 2728 1911 divina
2759 1842 2958 1935 gratia

864 1958 1243 2031 bffltorum
1258 1954 1519 2027 Christi
1550 1969 1950 2053 martyrum
1991 1956 2338 2051 Dionysii,
2375 1956 2638 2027 Rustici
2673 1972 2748 2027 et
2783 1954 2963 2026 Eleu-

868 2072 1081 2144 therii
1126 2070 1437 2143 ecclesiae
1502 2068 1754 2145 abbas,
1813 2069 2174 2157 Quoniam
2221 2084 2705 2141 antecessores
2761 2072 2966 2142 nostri

862 2202 987 2261 aut
1008 2186 1292 2258 nullum
1320 2201 1444 2257 aut
1459 2210 1765 2284 parvum
1794 2184 2132 2258 thesauro
2147 2185 2334 2258 Beati
2363 2186 2716 2282 Dionysii,
2747 2210 2964 2274 minsa,

871 2318 953 2374 ut
1020 2301 1381 2375 credimus
1406 2356 1425 2389 ‚
1480 2300 1690 2396 largae
1739 2298 2108 2399 quondam
2159 2299 2662 2372 munificentiae
2703 2325 2964 2397 regum,

872 2415 1240 2489 redditum
1286 2430 1712 2505 statuerunt,
1772 2415 2006 2513 sopita
2059 2438 2252 2485 nunc
2315 2438 2578 2511 magna
2637 2440 2728 2487 ex
2785 2430 2970 2515 parte

875 2531 1300 2604 liberalitate
1347 2556 1635 2619 eorum,
1706 2531 2039 2629 quaedam
2103 2554 2260 2627 quae
2315 2531 2448 2602 Dei
2495 2530 2863 2629 adjutorio
2909 2548 2972 2605 et

874 2646 1383 2744 adquisivimus
1408 2661 1477 2718 et
1514 2643 2020 2718 aedificavimus
2047 2645 2368 2717 unanimi
2393 2670 2754 2718 consensu
2773 2663 2971 2745 atque

876 2760 1178 2833 consilio
1256 2762 1543 2860 capituli
1610 2762 1842 2834 nostri
1907 2760 2146 2833 eidem
2215 2762 2494 2834 domini
2553 2778 2630 2834 et
2697 2764 2966 2861 patroni

874 2878 1097 2948 nostri
1147 2877 1479 2949 thesauro
1532 2878 2039 2948 concessimus,
2097 2877 2382 2948 Noverit
2428 2900 2603 2972 ergo
2657 2876 2964 2949 fidelium

876 2990 1313 3075 universitas,
1354 3007 1500 3063 tam
1544 2992 1996 3089 praesentium
2053 3014 2276 3087 quam
2317 2990 2752 3082 futurorum,
2783 2990 2961 3089 quod

869 3103 1197 3177 ecclesias
1209 3108 1688 3204 praepositurae
1699 3106 1792 3178 de
1805 3088 2166 3178 Berneval¹
2179 3120 2602 3204 spectantes,
2619 3121 2770 3177 tam
2788 3104 2958 3176 illam

872 3217 1135 3291 scilicet
1166 3222 1402 3290 Sancti
1434 3222 1714 3292 Martini
1745 3244 1964 3317 quam
2009 3220 2182 3294 alias
2241 3246 2283 3292 a
2331 3222 2494 3318 jure
2525 3222 2952 3294 sacerdotum

872 3332 1320 3407 haereditario
1371 3336 1481 3406 avi
1513 3350 1587 3407 et
1628 3337 1847 3408 attavi
1898 3360 2028 3434 per
2067 3360 2201 3407 nos
2251 3335 2496 3409 divina
2545 3352 2952 3436 cooperante

876 3452 1097 3547 gratia
1124 3464 1493 3541 extractas,
1526 3466 1651 3523 aut
1689 3452 1749 3522 si
1780 3450 2016 3524 adhuc
2046 3451 2298 3549 aliqum
2331 3452 2402 3522 in
2445 3452 2604 3551 ipsa
2647 3455 2948 3551 praeposi·

868 3582 1034 3638 tura
1078 3592 1281 3639 novae
1330 3565 1792 3655 aedificentur,
1833 3590 2086 3638 omnes
2131 3567 2478 3659 unanimi,
2525 3582 2610 3639 ut
2637 3568 2942 3657 diximus,

870 3680 1179 3754 fratrum
1258 3682 1554 3754 consilio
1627 3681 1724 3753 ad
1785 3682 2310 3780 reparationem
2375 3698 2936 3755 ornamentorum

870 3798 1065 3868 Beati
1115 3798 1465 3894 Dionysii,
1497 3794 1596 3869 ob
1636 3797 1892 3870 animae
1943 3820 2120 3868 meae
2159 3794 2588 3885 remedium,
2641 3797 2942 3870 thesauro

870 3909 1320 3984 donavimus.
1338 3913 1600 3986 Villam
1610 3938 1786 3987 vero
1797 3936 1956 4012 quae
1971 3910 2237 3985 dicitur
2245 3908 2699 4005 Quadi-arim,
2713 3937 2758 3984 a
2771 3910 2946 3985 nobis

952 4158 1013 4215 1.
1054 4156 1128 4214 V.
1160 4157 1359 4233 supra,
1389 4175 1451 4234 p.
1500 4159 1635 4214 184.

950 4249 1011 4303 2.
1056 4246 1221 4305 Nunc
1260 4246 1431 4307 etiam
1471 4247 1625 4307 dicta
1653 4247 2341 4312 carneres-sabamae
2375 4248 2844 4329 (ὃσίπο-ετ-Οἰεε).
