3275 5317
775 574 850 632 22
1208 570 1537 629 OEmss
1573 553 2001 627 comrm'rsss
2040 568 2142 627 nn
2182 567 2455 629 suana.

772 703 1094 777 clausum
1145 718 1352 793 esset,
1406 717 1617 774 nocte
1656 700 1903 773 furtim
1946 698 2165 773 exiliit
2185 754 2207 792 ,
2264 716 2337 772 et
2400 699 2735 773 festinans
2790 702 2883 775 ad

772 822 1128 892 famosum
1183 819 1550 915 juvenem,
1612 815 2048 889 collaterales
2119 817 2273 915 ejus
2328 816 2747 889 muneribus
2814 834 2887 893 et

769 934 1138 1032 promissis
1179 934 1522 1031 corrupit,
1559 947 1632 1005 et
1664 948 1747 1005 ut
1778 932 1843 1004 ei
1872 932 2161 1005 militari
2188 930 2695 1027 suffragaretur
2720 932 2887 1005 sub-

768 1049 953 1121 sidio
983 1050 1318 1121 citissime
1349 1047 1683 1121 obtinuit.
1723 1047 2103 1120 Flexibilis¹
2145 1048 2411 1146 quippe
2454 1061 2527 1119 et
2560 1063 2763 1121 aetate
2812 1064 2887 1121 et

773 1164 1122 1257 moribus,
1166 1163 1466 1237 collecto
1515 1164 2125 1261 septingentorum
2176 1163 2488 1235 militum
2536 1166 2874 1255 exercitu,

767 1279 865 1352 ad
911 1296 1149 1378 partes
1197 1280 1351 1351 illas
1407 1279 1687 1351 festinat
1728 1276 2089 1351 accedere.
2143 1278 2285 1367 Qui
2346 1304 2515 1351 cum
2558 1280 2885 1352 castello¹

770 1397 974 1469 Acuti
1030 1396 1291 1468 Montis
1337 1396 1964 1494 appropinquaret,
2013 1394 2149 1466 viri
2188 1395 2316 1492 qui
2377 1410 2691 1474 castrum
2743 1397 2883 1467 cir-

768 1512 1329 1585 cumcluserant'⁸
1381 1510 1672 1583 nuntios
1746 1509 1840 1581 ad
1908 1534 2075 1582 eum
2140 1509 2473 1604 delegant
2535 1526 2881 1609 tanquam

769 1627 1134 1723 designato
1160 1626 1360 1700 domi
1369 1651 1492 1717 n0,
1527 1628 1655 1697 ne*
1704 1624 2147 1698 removendo
2197 1649 2319 1698 eos
2374 1626 2467 1697 ab
2508 1625 2884 1699 obsidione

766 1742 1202 1840 vituperium
1242 1742 1502 1813 inferat
1565 1740 1968 1839 supplicant
2022 1767 2038 1812 ε
2094 1754 2541 1839 opponentes
2605 1766 2699 1813 ne
2744 1767 2881 1841 pro

771 1857 1249 1955 perditissimo
1319 1857 1616 1929 homine
1672 1857 2038 1929 servitium
2118 1871 2489 1929 tantorum
2556 1858 2835 1931 amittat
2854 1912 2874 1951 ,

771 1973 1164 2044 infaustum
1190 1972 1656 2071 perniciosius
1690 1972 1828 2045 sibi
1863 1997 2081 2069 quam
2113 1974 2239 2065 εἰς,
2276 1972 2335 2044 si
2370 1997 2676 2070 nequam
2725 1988 2883 2046 tuto

772 2100 1162 2178 remaneat,
1225 2088 1568 2159 veraciter
1606 2086 2050 2185 profitentes,
2108 2092 2193 2159 At
2239 2111 2410 2160 vero
2431 2141 2450 2178 ‚
2516 2113 2684 2160 cum
2744 2112 2881 2162 nec

769 2202 1134 2275 blanditiis
1166 2226 1299 2273 nec
1324 2203 1540 2275 minis
1574 2228 1617 2275 a
1666 2202 2035 2301 proposito
2083 2226 2253 2275 eum
2301 2202 2651 2275 devocare
2692 2204 2881 2276 vale-

771 2332 955 2409 rent,
993 2317 1201 2389 veriti
1227 2331 1398 2388 sunt
1427 2316 1502 2388 in
1531 2317 1977 2414 designatum
2008 2315 2387 2389 dominum
2405 2319 2880 2411 committere,

773 2449 846 2505 et
865 2448 1378 2532 proponenteS‚
1414 2433 1756 2531 cumipse
1786 2432 2053 2505 rediret
2097 2432 2189 2504 ab
2234 2431 2663 2527 obsidione⁸,
2710 2436 2889 2507 reci·

774 2547 941 2620 divo
978 2548 1172 2621 bello
1205 2547 1464 2641 redire,
1511 2564 1902 2640 cesserunt,
1938 2562 2009 2622 et
2028 2548 2370 2645 quicquid
2414 2550 2649 2623 facere
2675 2551 2889 2625 vellet

774 2665 980 2737 inviti
1008 2665 1515 2737 sustinuerunt.
1569 2669 1731 2764 Ipse
1780 2690 1955 2737 vero
2006 2666 2081 2736 in
2130 2689 2351 2737 manu
2392 2666 2692 2764 potenti,
2748 2665 2893 2738 dis-

776 2780 1006 2879 ruptis
1037 2794 1109 2852 et
1145 2779 1438 2852 defossis
1473 2782 2032 2878 circumquaque
2058 2779 2397 2853 omnibus
2446 2781 2880 2879 municipiiS,

776 2896 1084 2967 Acutum
1117 2896 1436 2966 Montem
1461 2897 1959 2994 emancipavit,
1995 2912 2067 2968 et
2094 2912 2238 2967 tam
2266 2896 2481 2968 armis
2499 2921 2718 2994 quam
2752 2898 2893 2971 vic-

778 3008 1116 3100 tualibuS,
1143 3034 1398 3081 eorum
1429 3010 1866 3108 sophismata
1888 3011 2283 3104 denodanS,
2320 3012 2693 3111 copiosum
2722 3012 2891 3085 red-

780 3123 992 3196 didit.
1033 3128 1430 3223 Eapropter
1484 3127 1862 3223 optimates
1894 3129 2016 3224 qui
2052 3152 2298 3199 amore
2346 3142 2419 3199 et
2450 3129 2709 3201 timore
2740 3130 2893 3227 ejus

782 3254 1165 3331 cesserant,
1199 3241 1368 3337 quia
1395 3240 1466 3311 in
1496 3240 1699 3313 nullo
1731 3258 2168 3340 pepercerat,
2219 3258 2712 3314 succensentes
2758 3243 2890 3316 do-

779 3353 956 3445 lent,
988 3378 1119 3426 nec
1148 3354 1445 3426 ulterius
1479 3378 1554 3427 se
1586 3356 1655 3426 ei
1706 3354 1981 3429 deferre
1997 3355 2465 3454 jurejurando
2496 3358 2885 3429 minantur.

783 3472 1108 3568 Cumque
1162 3494 1328 3542 eum
1399 3468 1677 3567 egredi‘*
1724 3470 2171 3570 conspiciunt
2193 3526 2213 3563 ,
2282 3487 2513 3544 castra
2568 3487 2887 3565 movent,

782 3584 967 3657 acies
1018 3582 1452 3657 bellatorum
1513 3600 1965 3683 componunt
1982 3640 2003 3679 ,
2066 3588 2479 3686 ipsumque,
2550 3602 2893 3686 tanquam

866 3809 925 3867 1.
971 3806 1238 3878 Flebilis,
1277 3811 1609 3889 perperam,
1649 3812 1768 3869 135
1802 3821 1863 3868 et
1902 3806 2048 3869 edit.
2091 3812 2290 3872 Germ.
2335 3845 2416 3859 —
2468 3818 2715 3873 Flext‘lis
2750 3810 2889 3872 edd.

782 3897 992 3958 Chesn.
1022 3910 1079 3958 et
1103 3901 1321 3962 Bened.

864 3996 925 4051 2.
969 3996 1166 4053 Casu-o
1195 3996 1413 4054 12710.
1441 4026 1524 4039 -
1547 3996 1606 4053 3.
1656 3997 2204 4055 Circumclauserant
2224 4002 2339 4057 135
2367 4010 2427 4058 et
2450 3999 2551 4059 ed.
2574 3999 2771 4058 Germ.

864 4086 927 4145 4.
969 4089 1114 4163 Nec,
1145 4086 1314 4160 male,
1345 4090 1460 4145 135
1488 4099 1547 4146 et
1572 4086 1669 4148 ed.
1704 4088 1902 4148 Germ.

868 4182 925 4238 5.
966 4182 1068 4237 Ad
1091 4179 1430 4237 obsidionem
1460 4180 1600 4256 543,
1632 4182 1810 4258 5925,
1840 4184 2023 4242 6265.

868 4272 928 4328 6.
969 4274 1217 4348 Regredi
1243 4275 1383 4345 543,
1415 4274 1552 4348 135,
1580 4276 1800 4349 12710,
1830 4286 2001 4355 atque
2024 4274 2121 4334 ed.
2156 4276 2351 4337 Germ.
