3275 5317
645 526 793 582 SUR
834 524 973 581 SON
1013 523 1647 583 ADMINISTRATION
1687 528 2118 587 ABBATIALE.
2324 530 2436 587 157

326 659 455 757 qui
486 682 641 731 eam
675 681 1024 755 occupare
1049 655 1356 729 libenter
1377 680 1507 755 pro
1539 661 1575 727 J
1579 656 1784 729 udaeo
1802 682 1932 730 suo
1949 658 2185 746 vellet,
2214 658 2436 757 ipsius

326 798 501 845 vero
530 772 746 845 Judaei
786 773 996 845 uxori
1030 764 1281 844 decem
1318 770 1539 844 libras
1572 786 1646 843 et
1686 769 1936 844 decem
1977 771 2260 847 modios
2298 774 2442 845 fru-

327 890 556 962 menti
591 888 995 978 reddentes,
1042 888 1461 961 retraximus
1503 912 1627 961 eos
1666 915 1684 959 2
1722 903 1795 961 et
1845 887 1938 961 de
1979 885 2234 961 decem
2281 890 2437 961 aliis

328 1006 405 1075 in
440 1004 935 1099 emendatione
959 1002 1143 1075 villae
1174 1003 1648 1075 ministerium
1680 1001 1856 1075 illud
1886 1003 2039 1077 sine
2067 1004 2439 1076 exactione

326 1116 626 1192 fecimus
660 1118 1129 1217 augmentari.
1192 1121 1377 1190 Cum
1437 1116 1648 1214 igitur
1699 1133 1979 1192 constet
2039 1117 2308 1191 factum
2347 1116 2440 1189 de

290 1231 581 1306 -decem
630 1234 849 1307 Judaei
901 1248 975 1306 et
1018 1231 1269 1305 decem
1331 1233 1610 1305 noviter
1659 1234 2130 1329 augmentatis
2187 1232 2438 1304 unius-

325 1350 672 1447 cujusque
729 1350 899 1422 anni
944 1346 1449 1438 hebdomadae,
1503 1348 1754 1443 viginti
1811 1346 2207 1420 solidorum
2274 1371 2443 1442 aug-

330 1480 656 1539 mentum
702 1463 1213 1561 quinquaginta
1263 1462 1437 1535 duas
1494 1461 1712 1534 libras
1762 1462 2100 1549 efficiunt,
2143 1462 2233 1533 de
2275 1460 2440 1533 villa

328 1604 501 1653 vero
528 1579 799 1676 viginti.
837 1582 1106 1651 Census
1144 1591 1387 1649 autem
1430 1575 1750 1673 ejusdem
1791 1575 1972 1649 villae
2011 1578 2082 1648 in
2124 1576 2434 1649 octabis¹

328 1696 557 1767 sancti
611 1694 933 1792 Dionysii
957 1697 980 1732 ³
1014 1692 1396 1765 duodecim
1438 1690 1682 1784 libraS‚
1720 1693 1845 1789 qui
1900 1689 2118 1765 modo
2159 1704 2441 1764 constat

327 1810 579 1905 viginti
606 1824 676 1881 et
697 1809 859 1907 plus
890 1836 913 1880 :-
946 1807 1139 1880 unde
1174 1808 1387 1905 hujus
1418 1807 1523 1879 rei
1553 1808 1976 1879 incrementi
2002 1805 2200 1879 librae
2239 1822 2432 1899 oct0,

330 1938 405 1996 et
436 1938 600 1996 octo
621 1923 711 1997 de
731 1923 1037 2022 quadam
1063 1921 1283 1994 domo
1306 1947 1526 2020 quam
1549 1922 1990 1994 constituens
2005 1921 2082 1994 in
2106 1920 2432 2013 macello,

333 2041 695 2138 emptione
756 2040 1124 2137 cujusdam
1169 2038 1459 2112 alterius
1506 2037 1802 2126 domuS,
1870 2036 2115 2109 usibus
2161 2036 2442 2109 carnifi-

334 2179 531 2247 cum,
570 2155 866 2229 fratrum
896 2154 1411 2228 infirmantium
1440 2152 1934 2226 sustentationi
1974 2152 2434 2225 contulimus,

334 2274 513 2342 Sunt
540 2270 755 2369 igitur
778 2286 1035 2370 quater
1068 2271 1313 2368 viginti
1345 2284 1418 2341 et
1459 2267 1730 2342 decem.
1761 2270 1870 2339 De
1889 2265 2186 2365 pedagio
2216 2268 2239 2304 ⁸
2268 2292 2440 2339 vero

334 2387 575 2484 viginti
610 2387 856 2479 libras,
885 2412 1051 2459 cum
1085 2387 1283 2485 prius
1310 2398 1541 2457 essent
1568 2381 2036 2480 quadraginta
2063 2382 2432 2455 librarum.

335 2506 474 2575 Nos
505 2517 744 2576 autem
798 2502 965 2575 inde
1006 2524 1188 2599 saepe
1216 2499 1602 2573 habuimus
1653 2496 2008 2592 sexaginta
2052 2510 2123 2568 et
2158 2496 2435 2589 decem,

331 2644 499 2690 cum
564 2616 798 2690 multo
856 2616 1043 2715 plus,
1084 2616 1219 2687 nisi
1274 2614 1597 2711 rapinam
1673 2628 1746 2685 et
1799 2610 2059 2710 rapinae
2121 2608 2438 2711 [actores]

334 2732 1118 2822 anathematizaremuS‚
1179 2729 1385 2802 facile
1440 2752 1876 2826 unoquoque
1939 2751 2128 2799 anno
2178 2726 2444 2800 habere

332 2871 733 2946 possemus,

430 2966 540 3035 De
598 2963 875 3035 Indicto
927 2987 1125 3052 vero,
1174 2960 1371 3060 quod
1409 2959 1746 3032 dominus
1789 2957 2188 3031 Ludovicus
2237 2972 2443 3059 pater

334 3074 549 3151 beato
580 3078 923 3175 Dionysio
969 3076 1193 3166 dedit,
1234 3088 1594 3147 trecentos
1636 3071 1903 3146 solidos
1932 3074 2170 3171 quiete
2213 3087 2280 3145 et
2309 3098 2437 3172 pa-

332 3193 560 3284 cifice,
608 3194 897 3288 triginta
938 3192 1256 3289 quinque
1305 3190 1395 3263 de
1433 3213 1652 3261 censu
1692 3186 2055 3261 stallorum
2086 3189 2441 3286 pistorum

332 3308 409 3379 in
435 3322 755 3407 pantera,
786 3332 965 3405 quos
994 3307 1073 3378 in
1105 3306 1285 3378 festo
1324 3304 1702 3377 beatorum
1726 3301 2217 3401 apostolorum
2243 3303 2441 3373 Petri

333 3438 409 3496 et
431 3424 632 3495 Pauli
676 3423 1045 3495 refectioni
1079 3422 1377 3494 fratrum
1424 3419 1930 3518 apposuimus:
1971 3416 2221 3488 decem
2273 3414 2441 3487 soli-

336 3537 469 3611 dos
496 3537 587 3610 de
615 3536 923 3611 Girardo
948 3552 1210 3636 nepote
1238 3560 1427 3624 mec,
1464 3536 1780 3633 quinque
1809 3532 1900 3605 de
1930 3528 2152 3601 domo
2183 3552 2334 3618 sua,
2368 3544 2441 3604 et

335 3650 653 3748 quinque
679 3647 770 3721 de
798 3648 1133 3722 theloneo
1166 3646 1515 3744 garantiae.
1543 3650 1653 3717 De
1682 3642 1930 3742 plateis
1957 3638 2216 3711 domus
2236 3639 2437 3713 Guil-

332 3764 531 3837 lelmi
565 3764 1105 3856 Cormeilensis⁴‚
1162 3787 1379 3860 quam
1426 3785 1558 3857 ego
1616 3759 1759 3830 emi
1789 3773 2040 3856 quater
2073 3754 2317 3851 viginti
2349 3756 2442 3829 li·

414 3959 474 4017 1.
503 3956 751 4032 octabis,
780 3977 889 4038 pro
917 3960 1146 4028 octavis,
1168 3975 1279 4016 ms.
1308 3952 1441 4014 cod.
1469 3963 1529 4013 et
1548 3952 1690 4014 edit.
1725 3948 1963 4013 Chesn.¹

414 4054 477 4110 2.
517 4052 687 4127 Quod
724 4071 937 4114 nomen
980 4050 1044 4111 in
1077 4048 1191 4109 hoc
1226 4045 1425 4110 codice
1463 4045 1802 4127 plerumque
1845 4041 2114 4105 scribitur
2152 4045 2446 4103 Dionisius

332 4156 437 4205 aut
460 4148 786 4220 Qyonislus.

418 4244 476 4301 3.
505 4242 791 4319 Pedagico
822 4258 929 4301 ms.
962 4240 1185 4301 cod.-
1207 4244 1269 4301 4.
1299 4240 1674 4301 Gemellensis
1693 4254 1802 4297 ms.
1833 4232 1964 4294 cod.
