3275 5317
864 581 976 637 138
1288 576 1615 635 OEUVRES
1653 564 2085 635 COMPLETES
2123 578 2228 634 DE
2266 576 2535 637 SUGER.

862 708 1322 810 cooperando
1400 706 1820 780 immolavit.
1898 708 2125 781 Finita
2172 732 2343 781 vero
2402 709 2646 801 missa,
2725 713 2975 784 erectis

860 829 935 899 in
989 826 1295 898 claustro
1336 823 1563 923 palliis
1612 838 1834 895 strato
1875 823 2168 913 mensis,
2207 824 2654 897 materialem
2707 849 2972 923 agnum

862 958 1205 1038 tanquam
1276 940 1497 1013 thoris
1554 938 1940 1011 accubitati
1993 954 2315 1031 sumunt,
2393 955 2646 1012 oetera
2710 940 2974 1015 nobilis

864 1080 1121 1129 mensae
1164 1055 1426 1127 fercula
1463 1069 1810 1127 consueto
1839 1077 2048 1127 more
2085 1055 2500 1154 suscipiunt.
2555 1056 2702 1129 Sed
2739 1071 2816 1128 et
2861 1082 2968 1129 se-

861 1186 1125 1271 quente
1158 1170 1275 1243 die
1310 1170 1612 1243 eandem
1643 1168 1738 1242 ab
1761 1170 2056 1243 ecclesia
2085 1172 2310 1243 sancti
2341 1172 2640 1267 Remigii
2669 1171 2767 1244 ad
2785 1174 2972 1271 prin-

860 1288 1162 1388 cipalem
1209 1288 1659 1386 reciprocant
1690 1288 2248 1385 processionem.
2285 1289 2682 1361 Transactis
2731 1290 2966 1386 itaque

859 1405 1091 1478 tribus
1120 1419 1285 1501 post
1316 1403 1581 1475 Pascha
1616 1401 1902 1494 diebuS‚
1941 1427 2111 1475 cum
2151 1404 2538 1498 gratiarum
2585 1406 2870 1477 actione
2899 1420 2968 1477 et

856 1519 1095 1591 auxilii
1138 1533 1210 1591 et
1242 1518 1521 1591 consilii
1550 1518 2024 1616 promissione
2079 1519 2428 1591 Parisium
2477 1522 2963 1592 transmeavit.

858 1634 1127 1706 Exinde
1178 1632 1568 1706 Galliarum
1612 1633 1942 1706 ecclesias
1991 1632 2375 1722 visitando,
2443 1649 2519 1706 et
2572 1632 2664 1707 de
2723 1658 2966 1707 earum

857 1750 1063 1849 copia
1096 1749 1349 1847 inopiae
1378 1772 1517 1820 suae
1560 1747 1920 1821 defectum
1967 1749 2393 1849 supplendo,
2453 1774 2621 1821 cum
2657 1774 2790 1848 per
2831 1766 2963 1823 ter-

854 1890 1011 1938 ram
1041 1864 1550 1965 aliquantisper
1571 1862 2119 1958 deambulasset,
2151 1864 2577 1966 Compendii
2605 1865 2960 1940 demorari

855 1979 1083 2075 elegit.
2389 2062 2396 2070 ι

948 2098 1232 2167 Interea
1285 2096 1583 2192 contigit
1643 2095 1998 2191 singulare
2057 2112 2127 2169 et
2196 2096 2492 2169 ulterius
2553 2094 2956 2169 inauditum

766 2294 773 2302 ,
849 2212 1163 2284 Franciae
1204 2213 1405 2307 regni
1454 2211 1962 2285 infortunium.
2019 2212 2222 2309 Regis
2256 2212 2452 2284 enim
2486 2212 2836 2285 Ludovici
2869 2211 2956 2282 fi-

851 2328 1012 2419 lius,
1058 2326 1355 2399 floridus
1400 2342 1472 2399 et
1522 2352 1846 2400 amoenus
1899 2352 2104 2426 puer,
2165 2328 2554 2427 Philippus,
2603 2326 2960 2400 bonorum

848 2466 1033 2541 speS,
1088 2444 1449 2539 timorque
1491 2442 1880 2533 malorum,
1917 2468 2086 2515 cum
2121 2443 2436 2541 quadam
2473 2441 2592 2515 die
2623 2468 2757 2542 per
2789 2443 2950 2515 civi-

850 2559 1009 2631 tatis
1036 2558 1439 2630 Parisiensis
1462 2557 1895 2630 suburbium
1925 2560 2299 2656 equitaret,
2320 2557 2541 2632 obvio
2563 2584 2796 2658 porco
2825 2558 2958 2631 dia-

845 2668 1083 2744 bolico
1100 2672 1419 2744 offensus
1442 2696 1671 2770 equus
1699 2674 2111 2768 gravissime
2143 2674 2427 2765 cecidit,
2468 2698 2954 2771 sessoremque

847 2810 1059 2859 suum
1086 2787 1607 2860 nobilissimum
1638 2813 1943 2888 puerum
1964 2789 2156 2863 silice
2179 2805 2739 2875 consternatum,
2768 2790 2948 2861 mole

847 2902 1187 2999 ponderis
1208 2904 1317 2975 sui
1345 2905 1872 2993 conculcatum,
1910 2907 2264 2979 contrivit.
2309 2908 2474 2993 Quo
2509 2905 2764 2977 dolore
2795 2906 2955 2976 civi-

846 3029 955 3087 tas
1002 3032 1074 3089 et
1100 3018 1537 3117 quicumque
1562 3020 1947 3093 audierunt
1978 3022 2410 3093 consternati
2443 3019 2569 3117 (ea
2602 3020 2948 3117 siquidem

849 3130 967 3202 die
985 3180 990 3189 ·
1011 3134 1401 3206 exercitum
1442 3134 1537 3207 ad
1593 3135 2126 3234 expeditionem
2173 3134 2580 3233 asciverat),
2611 3136 2951 3207 vocifera-

848 3244 1140 3340 bantur,
1167 3247 1437 3323 flebant
1468 3266 1537 3323 et
1561 3252 1622 3350 ej
1631 3251 1947 3344 ulabant,
1970 3254 2444 3325 tenerrimum
2470 3250 2950 3347 recolligentes

845 3388 1153 3461 puerum
1196 3388 1376 3463 pene
1420 3369 1841 3458 extinctum,
1891 3368 1965 3439 in
2017 3369 2454 3466 proximam¹
2504 3365 2812 3439 domum
2845 3392 2952 3439 re·

839 3490 1155 3573 portant.
1202 3480 1422 3550 Nocte
1470 3502 1646 3551 vero
1699 3479 2031 3574 instante,
2085 3478 2274 3578 proh
2332 3478 2578 3552 dolor!
2621 3478 2952 3576 spiritum

844 3590 1217 3667 exhalavit.
1269 3597 1595 3680 Quantus
1625 3610 1868 3667 autem
1899 3611 1974 3668 et
2006 3620 2227 3694 quam
2260 3592 2614 3667 mirabilis
2645 3592 2862 3665 dolor
2881 3608 2946 3665 et

844 3703 1078 3778 luctus
1114 3722 1397 3806 patrem
1428 3724 1499 3782 et
1533 3725 1835 3782 matrem
1863 3727 1934 3783 et
1958 3711 2157 3807 regni
2191 3711 2572 3809 optimates
2604 3708 2944 3799 affecerit,

838 3844 973 3891 nec
1006 3822 1159 3920 ipse
1189 3828 1544 3898 Homerus
1566 3825 1823 3899 elicere
1837 3822 1862 3858 ²
1897 3826 2284 3901 sufficeret.
2323 3830 2426 3899 Eo
2463 3838 2708 3898 autem
2735 3826 2812 3895 in
2842 3846 2954 3895 ec-

922 4107 951 4161 1
968 4144 985 4163 .
1010 4108 1085 4161 In
1113 4104 1436 4179 proximam
1454 4104 1590 4165 edd.
1620 4103 1834 4167 Chesn.
1871 4118 1930 4165 et
1962 4104 2259 4166 Benedict.
2294 4138 2376 4152 —
2413 4108 2747 4167 meimam
2784 4100 2949 4161 codd.

845 4214 913 4255 ac
940 4194 1080 4255 edit.
1114 4196 1312 4255 Germ.

930 4292 990 4353 2.
1019 4292 1224 4349 Dicere
1243 4290 1379 4351 edd.
1405 4324 1485 4339 --
1510 4295 1741 4353 Elio-ere
1764 4290 1985 4354 laudati
2010 4293 2186 4353 codd.
