3275 5317
1028 595 1151 650 vm
1192 594 1291 650 DE
1333 593 1553 652 LOUIS
1594 596 1688 652 LE
1719 594 1932 653 GROS.
2447 599 2520 654 69

405 731 605 816 tras²,
642 713 909 824 praefati
939 725 1233 796 honoris
1260 724 1632 823 oppidum,
1675 724 2138 796 audacissime
2173 726 2520 798 accelera-

406 845 531 914 vit.
570 841 771 913 Unde
804 841 1135 912 meliores
1160 852 1359 910 terrae
1390 863 1513 938 spe
1545 838 1983 912 liberalitatis
2005 865 2144 914 suae
2165 857 2238 911 et
2261 865 2523 939 appro-

402 956 586 1028 batae
619 954 1184 1027 mansuetudinis
1222 954 1354 1025 sibi
1389 954 1732 1045 allicienS,
1770 969 1940 1026 nota
1965 959 1988 992 ²
2033 955 2426 1054 tyrannidis
2453 969 2526 1028 et

402 1069 847 1142 crudelitatis
888 1068 1273 1141 formidine
1316 1069 1549 1166 eripit.
1591 1073 1916 1166 Cumque
1945 1070 2048 1140 ibi
2091 1094 2222 1168 per
2252 1070 2526 1166 aliquot

400 1183 555 1256 dies
586 1184 999 1264 alternatim
1034 1187 1243 1278 Hugo
1278 1198 1357 1254 ut
1377 1182 1700 1276 haberet,
1741 1208 1865 1254 rex
1898 1199 1979 1255 ut
2009 1209 2157 1256 non
2189 1183 2516 1274 haberet,

399 1314 898 1372 concertantes
972 1297 1514 1372 demorarentur
1540 1355 1559 1390 ‚
1628 1301 1970 1404 quoniam
2034 1300 2170 1371 alia
2251 1298 2523 1372 fallacia

398 1414 617 1487 aliam
648 1413 875 1486 trudit
894 1417 940 1504 ⁸,
1000 1413 1134 1486 hac
1176 1418 1383 1509 Hugo
1422 1414 1792 1487 deluditur
1831 1415 2137 1505 cautela,
2181 1414 2524 1511 quoniam

400 1531 732 1602 consulte
767 1530 1026 1602 assistit
1090 1529 1261 1601 Milo
1308 1529 1397 1601 de
1434 1529 1663 1620 Brai0‚
1705 1529 1889 1602 filius
1925 1531 2160 1626 magni
2192 1531 2516 1602 Milonis:

401 1645 529 1742 qui
567 1644 730 1740 jure
772 1643 1228 1715 haereditario
1288 1643 1638 1715 honorem
1685 1659 2039 1743 repetem,
2101 1643 2524 1743 provolutus

402 1761 589 1854 regis
622 1757 978 1859 pedibus‘‚
1002 1759 1181 1830 flens
1204 1773 1273 1830 et
1306 1758 1604 1854 ejulanS,
1643 1759 1888 1831 multis
1920 1759 2252 1858 precibus
2289 1760 2527 1857 pulsat

405 1899 675 1970 regem,
711 1873 947 1970 pulsat
988 1873 1458 1962 consiliarios,
1502 1887 1707 1968 rogat
1749 1874 2162 1973 suppliciter
2211 1888 2292 1945 ut
2336 1875 2522 1968 regia

405 1987 896 2061 munificentia
929 1988 1281 2060 honorem
1319 1988 1597 2080 reddat,
1635 2003 2005 2086 paternam
2039 1987 2525 2064 haereditatem

414 2105 760 2195 restituat,
780 2119 1120 2200 tanquam
1140 2128 1425 2175 servum
1450 2120 1571 2176 aut
1595 2103 2025 2201 inquilinum
2054 2103 2385 2200 deinceps
2403 2104 2528 2206 ha-

412 2218 601 2306 beat,
631 2243 765 2317 pro
791 2218 1157 2290 voluntate
1192 2233 1455 2290 utatur.
1501 2219 1718 2316 Cujus
1745 2218 2034 2313 lugubri
2061 2217 2524 2316 postulationi

411 2358 529 2406 rex
563 2333 1171 2424 condescendens,
1204 2335 1449 2412 ,accitis
1476 2335 1875 2432 oppidaniS‚
1898 2335 2050 2430 jam
2082 2334 2295 2404 etiam
2323 2332 2526 2403 Milo-

410 2473 574 2520 nem
616 2449 999 2520 dominum
1036 2449 1383 2538 offerens,
1433 2449 1529 2520 ita
1573 2474 1696 2520 eos
1737 2448 1829 2519 ab
1870 2449 2068 2519 omni
2105 2446 2296 2518 illata
2334 2462 2526 2517 retro

412 2563 728 2635 molestia
766 2578 1054 2660 pacatos
1090 2563 1502 2634 exhilaravit
1518 2567 1565 2654 ⁵,
1593 2586 1676 2634 ac
1709 2564 1766 2634 si
1797 2563 2043 2634 lunam
2071 2577 2140 2634 et
2174 2561 2409 2634 stellas
2428 2561 2528 2630 eis

418 2683 689 2755 coelitus
706 2685 1117 2757 demisisset.
1130 2670 1273 2756 Nec
1282 2707 1686 2773 mora‚cum
1699 2683 1936 2755 subito
1947 2687 2321 2778 Hugonem
2334 2681 2528 2752 exire

418 2799 860 2897 praecipiunt;
892 2799 948 2870 si
981 2823 1130 2870 non
1164 2799 1499 2870 citissime
1525 2814 1761 2887 exeat,
1793 2799 2212 2869 citissimum
2238 2796 2530 2868 exitium

414 2913 841 3008 promittunt
870 2942 890 3004 3
948 2928 1202 2984 contra
1264 2912 1663 2984 naturalem
1716 2911 2091 2983 dominum
2125 2935 2258 2982 nec
2308 2910 2532 2982 fidem

410 3049 544 3098 nec
574 3043 1120 3118 sacramentum,
1148 3028 1271 3100 sed
1298 3027 1699 3126 potentiam
1725 3043 1851 3098 aut
1882 3026 2381 3124 impotentiam
2411 3049 2530 3094 va·

409 3139 555 3213 lere
599 3144 986 3216 minantur.
1045 3147 1206 3229 Quo
1240 3141 1712 3239 stupefactus‘
1755 3145 1962 3237 Hugo
1997 3141 2240 3236 fugam
2279 3141 2468 3237 rapit
2507 3165 2526 3229 ;

410 3272 480 3329 et
506 3281 581 3330 se
620 3259 948 3348 evasisse,
983 3281 1128 3329 non
1156 3282 1279 3329 sua
1302 3257 1615 3328 amisisse
1647 3272 2007 3354 reputanS,
2031 3281 2169 3354 pro
2199 3279 2529 3328 momen-

486 3537 515 3593 1
532 3575 549 3593 .
579 3531 765 3612 Vulgo
790 3532 1049 3602 Chdtres,
1074 3550 1174 3589 seu
1199 3535 1472 3608 Arpagon
1501 3529 1804 3610 (Scine-et·
1813 3529 2000 3608 Oise).

487 3629 548 3686 2.
575 3629 726 3684 Nota
748 3641 946 3682 omnes
970 3623 1168 3695 codd„
1195 3643 1261 3681 ac
1276 3623 1411 3683 edd.
1436 3624 1633 3682 Germ.
1663 3635 1722 3682 et
1733 3622 2026 3684 Benedict.
2053 3651 2136 3666 —
2159 3625 2328 3690 Vota,
2351 3617 2524 3692 male,

411 3717 504 3776 ed.
530 3716 741 3776 Chesn.
771 3749 853 3760 —
874 3721 1033 3776 Notae
1056 3715 1202 3774 sorte
1229 3715 1560 3792 legendum.

494 3811 551 3867 3.
597 3834 625 3860 α
700 3857 714 3870 .
803 3852 822 3869 .
908 3854 925 3870 .
1010 3851 1030 3870 .
1118 3853 1137 3868 .
1225 3849 1241 3866 .
1330 3853 1345 3869 .
1430 3813 1746 3868 Fallaciam

652 3901 791 3956 Alia
823 3904 1003 3957 aliam
1034 3902 1217 3958 trudit
1298 3941 1315 3960 .
1405 3947 1419 3961 .
1518 3945 1531 3960 .
1618 3945 1635 3962 .
1724 3925 1752 3953 ι»

1316 3992 1568 4052 Terentii
1601 3998 1849 4065 Andria,
1875 4005 1989 4053 act.
2023 3997 2125 4066 lv,
2150 4012 2232 4052 sc.
2267 3996 2326 4052 4.

492 4091 551 4149 4.
584 4091 910 4147 Provolutus
934 4089 1165 4168 genibus
1188 4092 1287 4152 ed.
1319 4091 1527 4150 Chesn.

492 4182 552 4239 5.
590 4183 675 4237 Ita
700 4180 953 4258 quinque
976 4183 1151 4243 codd.
1180 4216 1260 4228 —
1282 4185 1593 4242 Exlzilarat
1618 4182 1752 4244 edd.

498 4275 556 4332 6.
584 4277 856 4349 Stupatus
883 4277 1023 4348 135,
1054 4287 1108 4333 et
1131 4275 1266 4336 edd.
1296 4275 1504 4335 Chesn.
1530 4295 1598 4334 ac
1627 4277 1826 4334 Germ.
