3275 5317
628 626 775 685 SUR
816 628 951 684 SON
994 626 1631 687 ADMINJSTRATION
1671 632 2106 697 ABBA'I'IALE.
2309 639 2424 695 193

309 753 771 853 sumpsimus.
829 754 1125 827 Videres
1185 780 1385 852 reges
1425 771 1497 829 et
1548 758 1909 856 principes
1929 814 1951 849 ‚
2017 761 2426 861 multosque

306 871 504 943 viros
550 872 919 970 praecelsos
978 872 1377 945 imitatione
1430 888 1678 946 nostra
1749 873 2010 970 digitos
2077 901 2428 952 manuum

307 1010 605 1059 suarum
652 988 1065 1080 exanulare,
1111 1004 1187 1061 et
1226 987 1609 1062 anulorum
1647 1014 1908 1063 aurum
1957 1004 2032 1063 et
2081 1016 2424 1089 gemmas,

307 1104 865 1202 margaritasque
893 1104 1279 1203 preciosas,
1317 1103 1417 1176 ob
1450 1129 1772 1179 amorem
1808 1122 2219 1180 sanctorum
2241 1112 2427 1181 Mar-

306 1232 578 1315 tyrum,
616 1219 850 1293 eidem
862 1219 1125 1292 tabulae
1146 1218 1343 1316 infigi
1359 1221 1770 1319 praecipere.
1798 1226 1942 1295 Nec
1957 1224 2192 1297 minus
2211 1226 2430 1299 etiam

308 1335 830 1435 archiepiscopi
886 1349 961 1409 et
1022 1336 1363 1436 episcopi,
1416 1336 1607 1437 ipsos
1665 1362 1808 1411 suae
1863 1337 2430 1439 desponsationis

307 1451 564 1524 anulos
624 1450 895 1524 ibidem
936 1451 1074 1524 sub
1132 1466 1289 1524 tuto
1332 1467 1788 1551 reponentes,
1833 1457 1988 1527 Deo
2038 1470 2110 1527 et
2157 1457 2431 1528 Sanctis

307 1567 461 1665 ejus
500 1565 957 1639 devotissime
988 1565 1417 1640 offerebant.
1464 1566 1933 1641 Venditorum
1968 1568 2184 1642 etiam
2231 1594 2430 1666 gem-

308 1682 706 1755 mariorum
742 1696 937 1754 tanta
965 1680 1059 1754 de
1093 1682 1388 1754 diversis
1408 1682 1645 1779 regnis
1670 1696 1744 1756 et
1772 1683 2183 1757 nationibus
2194 1684 2289 1758 ad
2301 1710 2436 1758 nos

306 1798 523 1870 turba
584 1795 1035 1887 confluebat,
1109 1812 1189 1869 ut
1245 1822 1393 1869 non
1459 1798 1623 1897 plus
1676 1823 1916 1872 emere
1956 1824 2434 1899 quaereremus

306 1939 531 2011 quam
560 1913 664 1986 illi
686 1913 999 1987 vendere
1030 1911 1164 1984 sub
1185 1913 1838 1987 amministratione
1872 1916 2203 1988 omnium
2235 1914 2430 1989 festi-

308 2042 592 2101 narent.
623 2033 883 2103 Versus
914 2028 1133 2102 etiam
1161 2027 1486 2126 ejusdem
1519 2028 1781 2103 tabulae
1796 2029 1878 2102 hi
1911 2046 2080 2105 sunt
2113 2057 2134 2101 z

470 2263 676 2338 Magne
696 2259 965 2339 Dionysi,
996 2272 1193 2339 portas
1216 2258 1379 2341 aperi
1405 2256 1694 2337 Paradisi,

514 2370 521 2376 ·
546 2353 1001 2435 Suggen-iamque
1026 2352 1137 2434 piis
1159 2365 1402 2432 protege
1426 2352 1732 2433 praesidiis·

466 2447 693 2528 Quique
715 2466 925 2507 novam
950 2466 1240 2507 cameram
1261 2466 1370 2527 per
1399 2465 1509 2505 nos
1534 2442 1644 2504 tibi
1671 2440 2038 2520 constituisti,

542 2545 614 2601 In
634 2560 865 2601 camera
887 2540 1020 2599 coeli
1044 2559 1151 2599 nos
1176 2539 1351 2598 facias
1377 2536 1580 2617 recipi,

472 2638 545 2693 Et
564 2652 673 2713 pro
702 2634 993 2713 praesenti,
1020 2632 1151 2693 coeli
1178 2650 1376 2691 mensa
1404 2629 1622 2691 satiari.

550 2726 875 2807 significata
896 2724 1079 2803 magis
1104 2722 1461 2803 significante
1485 2721 1737 2801 placent.

408 2936 591 3025 Quia
620 2936 835 3033 igitur
860 2935 1325 3009 sacratissima
1340 2934 1810 3006 dominorum
1840 2946 2255 3005 nostrorum
2275 2958 2432 3006 cor·

304 3078 489 3153 pora
516 3053 591 3125 in
623 3052 818 3127 volta
844 3052 1215 3151 superiore
1246 3074 1467 3148 quam
1492 3048 1806 3121 nobilius
1823 3050 2190 3147 potuimus
2209 3048 2430 3123 locari

306 3172 658 3270 oportuit,
690 3169 1005 3268 quadam
1031 3168 1123 3241 de
1150 3164 1679 3240 collateralibus
1704 3163 1967 3238 tabulis
2007 3164 2431 3238 sanctissimi

308 3311 563 3359 eorum
588 3285 933 3381 sarcofagi
952 3286 1306 3356 nescimus
1337 3307 1481 3380 qua
1509 3282 1883 3355 occasione
1919 3296 2190 3379 erepta,
2227 3281 2432 3378 quin-

308 3400 546 3475 decim
609 3425 883 3474 marcas
947 3400 1102 3471 auri
1144 3396 1589 3497 reponend0,
1652 3397 2066 3470 ulteriorem
2116 3396 2432 3466 frontem

308 3518 631 3615 ejusdem
660 3532 731 3589 et
770 3532 1179 3615 operturam
1201 3513 1645 3612 superiorem
1673 3509 1992 3610 undique
2033 3507 2330 3580 inferius
2359 3518 2432 3577 et

306 3634 635 3731 superius
657 3631 985 3705 deaurari
1002 3628 1471 3727 quadraginta
1509 3626 1732 3698 ferme
1763 3623 1994 3698 unciis
2025 3617 2426 3692 elaboravi-

303 3774 498 3821 mus·
530 3748 812 3821 Tabulis
829 3749 1045 3820 etiam
1060 3744 1341 3843 cupreis
1355 3740 1676 3815 fusilibus
1707 3754 1779 3811 et
1810 3734 2192 3826 deauratiS,
2216 3749 2432 3831 atque

304 3864 549 3964 politis
588 3862 947 3962 lapidibus
986 3860 1310 3959 impactis
1353 3873 1655 3957 propter
1691 3852 2062 3925 interiores
2114 3849 2430 3948 lapideas

303 3980 564 4071 voltas,
606 4003 886 4052 necnon
917 3993 990 4051 et
1038 3977 1277 4074 januis
1299 3973 1656 4048 continuis
1691 3968 1785 4044 ad
1811 3965 2161 4040 arcendos
2190 3990 2429 4066 popu-

304 4095 549 4171 lorum
591 4094 967 4187 tumultus,
1013 4094 1111 4167 ita
1157 4108 1395 4166 tamen
1460 4104 1542 4162 ut
1591 4084 2032 4161 venerabiles
2077 4108 2422 4184 personae,

307 4212 494 4285 sicut
533 4211 877 4304 decuerit,
914 4210 1068 4309 ipsa
1112 4221 1525 4283 sanctorum
1567 4228 1956 4305 corporum
1988 4200 2428 4275 continentia

306 4354 477 4401 vasa
519 4352 685 4402 cum
721 4351 979 4423 magna
1018 4324 1398 4399 devotione
1420 4336 1495 4395 et
1517 4322 1995 4415 lacrymarum
2013 4314 2428 4417 profusione

2099 4441 2176 4498 13
