3275 5317
976 538 1102 597 vm
1143 540 1246 595 DE
1283 538 1504 598 LOUIS
1544 538 1643 596 Lu
1682 536 1901 599 GROS.
2412 543 2487 599 27

377 696 554 745 cum
595 684 819 743 matre
871 670 1382 743 vicecomitissa
1443 685 1516 742 et
1571 694 1825 766 magna
1888 694 2105 743 manu
2176 672 2493 747 militum

382 790 604 861 venit¹
634 815 649 857 ε
688 802 1059 883 castroque
1107 785 1202 858 ab
1249 786 1589 859 omnibus
1629 788 1876 859 votivo
1935 801 2260 886 receptus
2328 814 2491 888 per-

373 904 600 1003 jurio,
652 900 998 975 beneficia
1037 902 1262 1001 patris
1307 902 1558 1000 saepius
1607 900 2119 1000 lachrymando
2168 904 2488 1002 replicat,

382 1044 792 1117 generosam
814 1034 888 1091 et
912 1016 1310 1090 naturalem
1351 1042 1606 1089 eorum
1644 1015 2067 1091 industriam
2106 1043 2489 1118 repraesen-

381 1150 506 1227 tat,
539 1134 761 1207 fidem
791 1132 1193 1205 mirabilem
1232 1132 1594 1231 praedicat,
1649 1136 2121 1207 revocationis
2160 1159 2303 1207 suae
2340 1160 2493 1231 gra-

377 1252 634 1323 tiarum
653 1249 970 1321 actiones
999 1262 1341 1345 reportat,
1380 1261 1452 1319 et
1481 1262 1562 1318 ut
1588 1247 1777 1319 bene
1824 1264 2057 1346 coepta
2093 1249 2280 1321 bene
2328 1275 2491 1349 per·

379 1366 644 1457 ficiant,
666 1362 966 1460 genibus
993 1388 1243 1435 eorum
1287 1363 1735 1460 provolutus,
1772 1364 2185 1463 suppliciter
2214 1382 2481 1440 exorat.

377 1480 522 1552 Tali
581 1496 655 1552 et
713 1495 864 1551 tam
912 1478 1200 1574 lugubri
1243 1478 1731 1575 genuflexione
1784 1479 1972 1573 flexi,
2038 1496 2339 1553 currunt
2397 1482 2490 1555 ad

376 1620 600 1686 arma,
638 1596 972 1667 festinant
999 1593 1094 1665 ad
1121 1595 1410 1685 turrim,
1447 1594 1916 1667 committunt
1944 1610 2191 1666 contra
2241 1595 2491 1669 defen-

377 1736 570 1783 sores
623 1712 839 1783 turris
897 1710 1170 1806 gladiis,
1228 1710 1512 1799 lanceis,
1583 1711 1743 1805 igne
1762 1764 1782 1801 ,
1837 1708 2134 1782 sudibus
2182 1726 2253 1784 et
2314 1714 2493 1784 saxis

376 1826 747 1918 acerrime,
804 1842 886 1898 ut
932 1842 1005 1897 et
1050 1824 1494 1897 antemurale
1547 1825 1767 1896 turris
1807 1824 2138 1923 pluribus
2180 1829 2257 1897 in
2318 1825 2493 1899 locis

373 1942 860 2040 perfoderent,
896 1956 968 2014 et
991 1942 1258 2014 multos
1284 1942 1539 2013 turrim
1572 1939 2110 2014 defendentium
2154 1941 2247 2014 ad
2296 1967 2491 2015 mor-

376 2074 528 2129 tem
550 2058 1022 2131 vulnerarent.
1065 2062 1237 2131 Erat
1272 2055 1624 2155 siquidem
1662 2057 1737 2127 in
1778 2055 2031 2129 eadem
2084 2060 2263 2129 turri
2312 2083 2493 2131 uxor

376 2172 646 2272 praefati
664 2170 1036 2262 Guidonis,
1062 2189 1134 2245 et
1161 2172 1306 2245 filia
1328 2172 1630 2245 domino
1651 2170 2013 2245 Ludovico
2034 2172 2487 2271 desponsata.

375 2287 588 2375 Quod
611 2313 779 2360 cum
813 2288 1106 2361 auribus
1144 2288 1442 2386 dapiferi
1492 2286 1845 2359 Guidonis
1892 2287 2350 2377 insonuisset,
2414 2304 2494 2360 ut

375 2418 522 2475 erat
547 2404 657 2475 vir
675 2404 1174 2499 magnanimus
1187 2406 1235 2495 ²,
1273 2402 1598 2501 expedite
1630 2401 1876 2493 exiliit,
1898 2417 1971 2474 et
2017 2427 2184 2474 cum
2224 2418 2491 2499 quanta

371 2543 590 2590 manu
645 2518 960 2591 militum
1013 2522 1254 2617 potuit
1324 2518 1612 2591 castello
1688 2518 2029 2590 audacter
2106 2521 2493 2617 appropin-

379 2634 658 2731 quavit3
683 2634 808 2705 sed
835 2651 934 2727 et,
958 2650 1040 2707 ut
1068 2660 1142 2707 se
1171 2634 1671 2733 undecumque
1705 2650 2094 2733 sequantur
2124 2634 2487 2726 velociter,

377 2748 865 2821 velocissimos
887 2752 1176 2822 nuntios
1207 2750 1422 2824 misit.
1469 2751 1608 2839 Qui
1651 2764 1895 2823 autem
1950 2751 2213 2822 turrim
2253 2750 2491 2849 impu·

376 2862 720 2960 gnabant,
754 2890 796 2935 a
826 2880 1074 2938 monte
1103 2890 1265 2937 eum
1300 2865 1647 2959 videnteS‚
1685 2866 1851 2963 quia
1875 2864 2203 2936 nondum
2234 2867 2492 2939 turrim

371 2980 660 3052 vincere
691 2994 1096 3077 potuerant,
1154 2980 1545 3053 adventum
1595 2979 1917 3052 subitum
1946 2980 2217 3051 domini
2256 2979 2489 3052 Ludo-

372 3095 514 3166 vici
552 3111 892 3191 tanquam
909 3095 1238 3192 jugulum
1267 3095 1771 3185 formidantem,
1805 3110 2388 3187 retrocesserunt,
2422 3110 2495 3169 et

373 3234 462 3281 an
492 3225 785 3301 starent,
817 3236 907 3282 an
935 3209 1176 3307 fugam
1189 3213 1526 3302 facerent,
1559 3212 1823 3284 haerere
1842 3228 2232 3311 coeperunt.
2256 3210 2493 3283 Guido

373 3352 572 3417 vere,
609 3342 691 3398 ut
721 3343 870 3399 erat
899 3342 1230 3399 strenuus
1259 3344 1333 3400 et
1379 3328 1452 3399 in
1505 3330 1695 3400 arto⁸
1756 3327 2125 3425 providuS,
2194 3326 2492 3398 Garlan-

377 3440 629 3513 denses
649 3442 973 3514 consulte
999 3468 1042 3513 a
1069 3458 1303 3514 castro
1336 3444 1608 3534 ascivit,
1643 3468 1892 3542 pacem
1908 3443 2093 3537 regis
2124 3456 2195 3512 et
2220 3440 2495 3512 domini

376 3550 717 3623 Ludovici
760 3567 834 3623 et
877 3554 1172 3648 gratiam
1205 3553 1671 3651 jurejurando
1706 3552 2055 3642 firmavit,
2118 3566 2187 3622 et
2249 3573 2373 3621 eos
2423 3564 2495 3621 et

376 3690 628 3739 eorum
657 3667 1069 3767 complices*
1099 3669 1336 3741 taliter
1359 3668 1450 3741 ab
1483 3672 1797 3766 incoepto
1834 3664 2136 3739 removit
2166 3692 2184 3735 ε
2218 3688 2495 3737 eorum-

457 3964 518 4019 1.
561 3963 731 4021 Anno
752 3964 910 4022 1104
929 3962 1019 4023 vel
1043 3966 1223 4023 1105.

458 4057 518 4115 2.
566 4058 864 4115 Unanimis
891 4059 1032 4128 134,
1064 4068 1236 4134 atque
1261 4055 1394 4117 edd.
1427 4058 1629 4116 Germ.
1669 4067 1727 4115 et
1750 4052 1959 4116 Chesn.

460 4150 518 4206 3.
561 4152 705 4207 Arte
731 4148 864 4207 edd.
888 4182 970 4194 —
994 4155 1157 4221 Ano,
1189 4170 1300 4228 pro
1340 4164 1518 4222 arcto,
1547 4150 1719 4209 codd.
1754 4166 1976 4207 omnes.

457 4244 518 4301 1..
538 4244 843 4318 complices
867 4244 1024 4301 6265
1047 4263 1115 4301 ac
1132 4241 1275 4305 edit.
1297 4240 1591 4302 Benedict.
1613 4246 1791 4302 Deest
1802 4240 1863 4300 in
1884 4239 2047 4319 reliq.
2080 4236 2255 4299 codd.
2274 4247 2333 4297 et
2350 4238 2488 4302 edd.
