3275 5317
1150 675 1496 735 LE'l'rRES.
2292 676 2408 733 249

303 800 435 872 silii
473 814 541 871 et
578 799 700 873 filii
740 800 945 894 lucis,
998 804 1383 877 canonicos
1424 807 1774 903 regulares
1828 830 1903 878 se
1955 821 2406 905 suscepturos

298 916 591 1015 pacifice
623 920 1129 1014 promiserunt.

396 1046 537 1114 Nos
572 1058 815 1116 autem
853 1070 1068 1144 super
1100 1046 1240 1116 hoc
1275 1046 1432 1143 ipso
1460 1045 1827 1119 exhilarati
1863 1046 2238 1143 (quoniam
2264 1047 2414 1143 qui-

298 1156 463 1229 dam
496 1156 591 1228 de
610 1158 1023 1231 melioribus
1052 1159 1385 1232 abbatem
1407 1161 1542 1233 sibi
1569 1161 1903 1233 constitui
1928 1176 1999 1233 et
2029 1161 2413 1234 canonicos

297 1268 387 1341 de
434 1272 696 1344 Sancto
736 1272 1053 1345 Victore¹
1098 1274 1617 1372 postulabant),
1673 1276 2200 1347 communicato
2245 1300 2414 1347 cum

296 1386 781 1458 assistentibus
813 1388 1113 1461 consilio
1142 1446 1163 1481 ,
1204 1405 1359 1462 tum
1392 1384 1571 1487 quia'
1592 1390 1861 1463 nullam
1893 1414 2111 1489 penes
2141 1416 2276 1463 nos
2308 1416 2416 1462 re-

296 1498 731 1595 ligiosiorem
762 1504 837 1573 in
872 1528 1003 1574 suo
1044 1518 1230 1575 statu
1276 1506 1609 1576 novimus
1645 1504 2036 1594 ecclesiam,
2066 1520 2222 1577 tum
2247 1504 2414 1601 quia

296 1620 830 1716 propinquitate
876 1619 1013 1692 loci
1048 1622 1140 1693 ad
1199 1645 1491 1693 omnem
1526 1646 1778 1693 eorum
1829 1622 1974 1695 sive
2007 1620 2414 1694 interiorem

298 1732 447 1803 sive
492 1734 921 1807 exteriorem
976 1736 1429 1808 commodior
1475 1736 1708 1809 existit
1753 1736 2267 1823 necessitatem,
2319 1732 2412 1804 ad

298 1872 423 1919 eos
450 1846 894 1937 divertimuS‚
922 1851 1295 1947 virumque
1332 1850 1808 1924 venerabilem
1826 1849 2161 1923 abbatem
2179 1848 2414 1920 Sancti

298 1964 605 2034 Victoris
620 1967 665 2055 ¹,
724 1964 1062 2062 operibus
1100 1967 1380 2064 pietatis
1425 1967 1931 2064 approbatum,
1968 1965 2192 2037 modo
2219 1988 2416 2036 seor-

301 2102 485 2169 sum,
527 2079 746 2152 modo
782 2082 855 2151 in
896 2097 1256 2153 conventu
1296 2105 1453 2170 su0,
1511 2097 1591 2154 ut
1632 2082 1746 2153 his
1778 2106 1992 2179 opem
2041 2082 2281 2167 ferret,
2343 2093 2416 2150 et

302 2192 535 2287 ajutor
566 2195 969 2267 Divinitatis
1000 2196 1334 2268 evelleret
1366 2212 1440 2269 et
1469 2196 1894 2285 destrueret,
1929 2194 2314 2268 aedificaret
2347 2207 2418 2264 et

300 2305 675 2403 plantaret,
726 2312 800 2381 in
842 2311 1133 2382 nomine
1178 2312 1473 2383 Domini
1526 2310 1940 2409 suppliciter
1989 2306 2416 2404 efflagitaba-

296 2446 484 2494 mus.
528 2424 697 2514 Qui,
734 2439 812 2496 ut
849 2426 1187 2497 emeritus
1213 2441 1415 2523 pater
1441 2440 1513 2498 et
1548 2423 1866 2522 ejusdem
1897 2424 2040 2495 loci
2081 2423 2422 2522 providus

292 2554 755 2636 procurator,
803 2563 969 2612 cum
1029 2540 1173 2611 hoc
1222 2542 1455 2638 ipsum
1515 2540 1862 2611 instanter
1911 2552 2290 2626 recusaret,
2343 2550 2424 2607 ut

294 2654 614 2751 priorem
662 2679 899 2744 suum,
945 2654 1183 2725 virum
1219 2654 1700 2728 venerabilem
1732 2669 1803 2726 et
1831 2654 2264 2748 religiosum,
2298 2652 2423 2723 ab·

290 2767 543 2837 batem
584 2767 733 2839 fieri
770 2768 1135 2865 postulare
1172 2795 1304 2841 nos
1346 2772 1723 2869 comperit,
1773 2768 2049 2841 obortis
2089 2768 2421 2864 lacrymis

290 2907 472 2955 cum
523 2882 695 2955 fletu
741 2899 815 2956 et
864 2887 1179 2980 angustia
1254 2886 1523 2976 cordiS,
1582 2886 1863 2957 senium
1920 2882 2420 2981 defectumque

291 3023 513 3071 suum
560 3023 956 3097 opponens,
1014 3000 1333 3096 ejusdem
1370 3002 1631 3100 prioris
1676 3000 2050 3073 consilium
2102 3015 2174 3070 et
2221 3000 2418 3071 auxi-

294 3113 501 3202 lium,
548 3116 605 3185 si
655 3140 742 3186 eo
784 3130 1088 3208 careret,
1130 3117 1536 3214 deploranS,
1587 3118 1735 3187 fere
1770 3140 1900 3214 per
1955 3130 2180 3188 totam
2224 3116 2418 3187 diem

292 3228 722 3320 recusando,
756 3245 828 3302 et
857 3230 1057 3329 quod
1083 3254 1451 3328 nunquam
1482 3232 1682 3303 lieret
1707 3229 2150 3323 detestando,
2193 3255 2417 3327 usque

293 3343 393 3414 ad
448 3345 845 3442 proximam
904 3350 1180 3417 Nonam
1239 3345 1567 3418 detinuit.
1623 3347 1938 3419 Tandem
1984 3372 2156 3419 vero
2196 3348 2418 3417 victus

292 3458 631 3557 precibus
656 3460 1077 3550 multorum,
1104 3462 1325 3533 immo
1350 3462 1772 3534 auctoritate
1798 3476 2056 3550 vestra,
2087 3486 2226 3557 qua
2250 3483 2417 3530 eum

294 3576 741 3672 importune,
776 3580 1213 3675 opportune⁸
1247 3575 1783 3672 adjurabamuS,
1830 3591 1972 3647 tam
2019 3572 2416 3645 misericor-

294 3688 419 3759 dia
464 3713 681 3786 quam
744 3694 1004 3790 pietate
1054 3717 1184 3789 pro
1228 3692 1463 3764 alieno
1513 3687 1901 3763 commodo
1952 3713 2162 3759 suum
2210 3687 2418 3758 susti-

296 3827 481 3874 nens
535 3806 1077 3879 incommodum
1099 3861 1119 3898 ‚
1174 3807 1483 3900 eundem
1541 3802 2020 3877 venerabilem
2070 3804 2381 3900 priorem
2401 3806 2424 3843 ⁴

295 3942 469 3990 cum
528 3919 911 3993 duodecim
965 3903 1303 3994 fratribus
1368 3920 1536 3992 viris
1583 3917 1927 4012 religiosis
1979 3932 2050 3989 et
2103 3917 2418 3991 honestis

384 4119 411 4173 1
429 4158 445 4174 .
472 4116 563 4174 Sic
590 4115 649 4174 in
677 4117 819 4179 edit.
850 4118 1056 4178 Chesn.
1087 4152 1163 4165 —
1190 4124 1387 4180 Sancti
1413 4120 1470 4171 V
1468 4119 1658 4173 ictor-is
1680 4112 1778 4173 dat
1795 4110 1934 4173 edit.
1967 4112 2256 4175 Benedict.

387 4212 447 4267 2.
478 4208 840 4273 Gilduinum.

388 4302 445 4359 3.
485 4308 809 4379 Opportune
832 4304 1101 4367 omissum
1128 4306 1187 4364 in
1207 4304 1346 4366 edit.
1372 4303 1665 4371 Benedict.

393 4400 451 4459 4.
484 4396 767 4457 Odonem.
