3275 5317
856 572 971 631 278
1289 566 1612 625 oeuvasss
1653 545 2080 624 commus
2119 565 2219 621 DE
2259 564 2530 623 suana.

853 720 1045 776 tores
1084 699 1477 788 existimu3‚
1518 696 2060 788 contumaciter,
2093 695 2291 793 quod
2329 695 2534 768 vobis
2559 720 2711 768 non
2753 721 2950 793 expe-

856 818 990 909 dit,
1024 816 1436 888 calcaneum
1460 812 1771 885 elevetis
1807 817 2046 884 Novus
2071 826 2180 883 est
2193 812 2387 885 enim
2409 828 2482 884 et
2504 812 2748 885 seculo
2771 814 2950 885 inau-

862 933 1052 1006 ditus
1080 928 1496 1025 hujusmodi
1524 953 1762 1019 ausuS,
1794 952 1926 999 nec
1947 927 2216 999 diutius
2244 927 2518 1025 absque
2557 928 2860 999 civitatis
2885 942 2946 999 et

858 1046 1167 1121 ecclesiae
1204 1044 1684 1116 destructione
1709 1042 2034 1141 poteritis
2063 1044 2432 1114 sustinere.
2467 1044 2737 1115 Moveri
2769 1044 2948 1115 enim

854 1186 1052 1235 arma
1080 1160 1174 1233 ab
1204 1161 1543 1260 episcopo
1579 1157 1696 1230 vel
1736 1159 2120 1232 commisso
2153 1158 2290 1231 sibi
2317 1158 2590 1256 populo
2621 1158 2948 1231 adversus

852 1300 1312 1350 communem
1362 1275 1764 1365 dominum,
1812 1274 2204 1372 praesertim
2245 1274 2646 1345 inconsulto
2680 1298 2948 1346 summo

854 1390 1193 1464 Pontifice
1247 1405 1317 1462 et
1365 1392 1560 1485 regni
1608 1390 1960 1488 episcopis
2005 1404 2224 1486 atque
2273 1388 2717 1488 proceribuS,
2747 1414 2950 1485 quam

849 1506 1331 1606 perniciosum
1359 1520 1429 1577 et
1455 1504 1936 1601 periculosum
1963 1506 2079 1596 sit,
2111 1504 2248 1603 ipsi
2268 1503 2465 1575 facile
2489 1504 2938 1599 cognoscetis.

851 1625 1089 1693 Unum
1118 1633 1224 1692 est
1246 1620 1444 1718 quod
1474 1620 1784 1691 maxime
1817 1644 1945 1692 vos
1973 1618 2065 1690 ab
2099 1619 2238 1692 hac
2276 1618 2533 1691 debeat
2563 1645 2944 1718 praesump-

856 1737 1051 1809 tione
1072 1760 1436 1809 revocare:
1472 1736 1639 1831 quia
1663 1759 1890 1832 usque
1904 1734 1998 1807 ad
2014 1735 2156 1809 hoc
2179 1751 2462 1834 tempus
2473 1751 2946 1809 antecessores

852 1868 1122 1925 vestros
1164 1851 1304 1923 tale
1353 1848 1625 1947 aliquid
1670 1865 2121 1948 attemptasse
2165 1850 2573 1948 nunquam¹
2623 1852 2941 1940 audistis,

853 1992 987 2039 nec
1027 1981 1175 2037 tam
1218 1964 1504 2038 nefandi
1546 1967 1783 2064 operis
1820 1965 2227 2063 exemplum
2269 1966 2343 2038 in
2387 1966 2594 2061 gestis
2630 1966 2746 2038 vel
2787 1966 2946 2037 rela-

853 2082 1171 2156 tionibus
1202 2082 1662 2179 antiquorum
1702 2082 2021 2153 invenire
2046 2083 2402 2179 poteritis;
2435 2082 2735 2179 quidem
2762 2081 2943 2179 quod

854 2214 1107 2272 contra
1131 2197 1507 2269 dominum
1538 2210 1878 2289 vestrum,
1918 2222 2155 2292 regem
2199 2196 2528 2269 videlicet
2567 2199 2800 2295 pium,
2841 2222 2944 2269 ec-

853 2315 1233 2386 clesiarum
1302 2314 1616 2384 amicum
1639 2367 1659 2403 ,
1740 2328 1813 2384 et
1854 2315 1876 2350 ³
1941 2313 2157 2384 totius
2231 2313 2408 2385 boni
2477 2312 2950 2385 aemulatorem

853 2430 1437 2519 intentissimum,
1475 2430 1886 2501 calcaneum
1919 2428 2296 2521 extulistis3
2341 2431 2608 2529 quippe
2639 2455 2810 2503 cum
2833 2452 2949 2503 vo-

854 2546 1203 2619 luntatem
1256 2570 1549 2644 prorsus
1607 2569 1758 2616 non
1805 2543 2068 2616 habeat
2117 2560 2197 2616 ut
2245 2545 2357 2617 vel
2403 2546 2610 2619 vobis
2655 2545 2772 2617 vel
2815 2546 2954 2617 aliis

858 2663 1239 2759 quicquam
1276 2660 1533 2756 injuste
1561 2659 1857 2730 auferat.
1889 2660 2032 2746 Qui
2049 2660 2106 2729 si
2129 2658 2486 2731 malorum
2513 2662 2954 2759 persuasione

856 2775 1127 2871 aliquid
1156 2777 1341 2848 forte
1387 2775 1625 2847 minus
1669 2773 1856 2845 bene
1889 2773 2272 2846 adversum
2309 2801 2433 2847 vos
2471 2778 2752 2871 egisset,
2797 2802 2954 2849 con-

858 2890 1254 2961 veniendus
1306 2890 1555 2987 utique
1616 2890 1817 2987 prius
1861 2904 2014 2960 erat
2049 2914 2180 2987 per
2229 2891 2429 2985 regni
2475 2892 2850 2990 episcopos
2893 2909 2956 2963 et

861 3027 1223 3101 procereS,
1256 3006 1402 3074 sive
1436 3003 1677 3101 potius
1703 3027 1830 3099 per
1863 3001 2238 3073 dominum
2271 3028 2561 3103 papam,
2587 3008 2718 3103 qui
2753 3022 2954 3105 caput

860 3131 964 3187 est
992 3118 1473 3209 ecclesiarum,
1507 3118 1775 3215 quique
1803 3119 2045 3189 omnia
2073 3119 2276 3191 facile
2301 3121 2676 3219 pacificare
2705 3124 2958 3219 potuis-

863 3246 992 3302 set.
1033 3231 1297 3303 Redeat
1327 3233 1538 3327 igitur
1576 3232 1669 3303 ad
1712 3257 1838 3303 cor
1864 3234 2033 3317 novi
2061 3236 2372 3335 episcopi
2409 3236 2775 3329 nobilitaS,
2812 3238 2955 3334 qui,

1572 3452 1845 3527 Quamvis
1867 3450 2093 3531 plebeio
2126 3466 2308 3513 tectus
2338 3452 2569 3525 amictu,

1256 3544 1527 3605 Indocilis
1552 3545 1783 3625 privata
1810 3545 1970 3624 loqui
1991 3545 2034 3619 ³,

863 3746 1103 3817 regem
1129 3722 1507 3794 dominum
1531 3736 1601 3793 et
1637 3723 1928 3793 fratrem
1957 3722 2178 3819 magis
2211 3722 2637 3821 placandum
2675 3720 2966 3819 graviter

864 3838 1281 3910 commovit.
1315 3838 1386 3908 Si
1416 3862 1501 3908 ex
1537 3861 1780 3909 amore
1808 3837 2115 3910 ecclesiae
2145 3864 2286 3909 suae
2312 3838 2452 3909 hoc
2478 3836 2674 3931 facit,
2709 3836 2960 3909 habeat

943 4100 1001 4153 1.
1030 4101 1117 4155 ιω
1142 4099 1271 4157 cod.
1300 4100 1518 4158 14192.
1549 4132 1629 4143 —
1652 4101 1942 4173 Nusqemm
1971 4097 2066 4157 ed.
2093 4082 2384 4157 Behedict.

944 4200 1003 4250 2.
1030 4190 1124 4249 Sic
1151 4190 1284 4252 cod.
1316 4194 1530 4249 14192.
1562 4224 1643 4235 —
1669 4193 1756 4246 Ac·
1781 4190 1880 4250 ed.
1911 4189 2202 4248 Benedict.

948 4286 1007 4342 3.
1032 4283 1249 4341 Lucani
1272 4286 1504 4357 Phar-s„
1532 4282 1632 4340 lib.
1666 4286 1736 4360 V,
1763 4302 1824 4342 v.
1861 4283 2151 4341 538-539.
