<?xml version="1.0" encoding="UTF-8"?>
<!DOCTYPE html PUBLIC "-//W3C//DTD XHTML 1.0 Transitional//EN"
    "http://www.w3.org/TR/xhtml1/DTD/xhtml1-transitional.dtd">
<html xmlns="http://www.w3.org/1999/xhtml" xml:lang="en" lang="en">
 <head>
  <title>
</title>
<meta http-equiv="Content-Type" content="text/html;charset=utf-8" />
  <meta name='ocr-system' content='tesseract 3.04.00' />
  <meta name='ocr-capabilities' content='ocr_page ocr_carea ocr_par ocr_line ocrx_word'/>
</head>
<body>
  <div class='ocr_page' id='page_1' title='image "./oeuvrescompltes00marcgoog_0431.png"; bbox 0 0 3275 5317; ppageno 0'>
   <div class='ocr_carea' id='block_1_1' title="bbox 848 276 2534 361">
    <p class='ocr_par' dir='ltr' id='par_1_1' title="bbox 848 276 2534 361">
     <span class='ocr_line' id='line_1_1' title="bbox 848 276 2534 361; baseline -0.005 0"><span class='ocrx_word' id='word_1_1' title='bbox 848 302 965 361; x_wconf 79' lang='lat'><strong>398</strong></span> <span class='ocrx_word' id='word_1_2' title='bbox 1284 297 1615 357; x_wconf 72' lang='lat' dir='ltr'><strong>oeuvlms</strong></span> <span class='ocrx_word' id='word_1_3' title='bbox 1651 276 2084 356; x_wconf 67' lang='lat' dir='ltr'><strong>commas</strong></span> <span class='ocrx_word' id='word_1_4' title='bbox 2121 294 2226 353; x_wconf 73' lang='lat' dir='ltr'><strong>ns</strong></span> <span class='ocrx_word' id='word_1_5' title='bbox 2267 292 2534 353; x_wconf 75' lang='lat' dir='ltr'><strong>suem.</strong></span> 
     </span>
    </p>
   </div>
   <div class='ocr_carea' id='block_1_2' title="bbox 846 427 2984 3766">
    <p class='ocr_par' dir='ltr' id='par_1_2' title="bbox 846 427 2984 3766">
     <span class='ocr_line' id='line_1_2' title="bbox 848 427 2956 532; baseline -0.003 -27"><span class='ocrx_word' id='word_1_6' title='bbox 848 430 1225 532; x_wconf 81' lang='lat' dir='ltr'><strong>pinquanti</strong></span> <span class='ocrx_word' id='word_1_7' title='bbox 1263 431 1415 529; x_wconf 88' lang='lat' dir='ltr'><strong>jam</strong></span> <span class='ocrx_word' id='word_1_8' title='bbox 1466 430 1702 503; x_wconf 88' lang='lat' dir='ltr'><strong>dictus</strong></span> <span class='ocrx_word' id='word_1_9' title='bbox 1749 450 2094 501; x_wconf 89' lang='lat' dir='ltr'><strong>romanus</strong></span> <span class='ocrx_word' id='word_1_10' title='bbox 2143 427 2564 501; x_wconf 88' lang='lat' dir='ltr'><strong>occurrisset</strong></span> <span class='ocrx_word' id='word_1_11' title='bbox 2603 428 2956 515; x_wconf 75' lang='lat' dir='ltr'><strong>Pontifex,</strong></span> 
     </span>
     <span class='ocr_line' id='line_1_3' title="bbox 848 542 2958 647; baseline -0.003 -26"><span class='ocrx_word' id='word_1_12' title='bbox 848 547 1037 621; x_wconf 88' lang='lat' dir='ltr'><strong>inter</strong></span> <span class='ocrx_word' id='word_1_13' title='bbox 1067 548 1295 647; x_wconf 86' lang='lat' dir='ltr'><strong>prima</strong></span> <span class='ocrx_word' id='word_1_14' title='bbox 1340 548 1581 619; x_wconf 90' lang='lat' dir='ltr'><strong>statim</strong></span> <span class='ocrx_word' id='word_1_15' title='bbox 1619 560 1886 618; x_wconf 81' lang='lat' dir='ltr'><strong>mutuae</strong></span> <span class='ocrx_word' id='word_1_16' title='bbox 1931 542 2528 617; x_wconf 87' lang='lat' dir='ltr'><strong>confabulationis</strong></span> <span class='ocrx_word' id='word_1_17' title='bbox 2565 543 2836 633; x_wconf 80' lang='lat' dir='ltr'><strong>verba,</strong></span> <span class='ocrx_word' id='word_1_18' title='bbox 2873 544 2958 615; x_wconf 72' lang='lat' dir='ltr'><strong>ita</strong></span> 
     </span>
     <span class='ocr_line' id='line_1_4' title="bbox 850 658 2960 760; baseline -0.002 -25"><span class='ocrx_word' id='word_1_19' title='bbox 850 661 1047 735; x_wconf 91' lang='lat' dir='ltr'><strong>hunc</strong></span> <span class='ocrx_word' id='word_1_20' title='bbox 1088 663 1237 758; x_wconf 87' lang='lat' dir='ltr'><strong>regi</strong></span> <span class='ocrx_word' id='word_1_21' title='bbox 1278 660 1652 758; x_wconf 85' lang='lat' dir='ltr'><strong>magnifice</strong></span> <span class='ocrx_word' id='word_1_22' title='bbox 1698 684 1834 760; x_wconf 91' lang='lat' dir='ltr'><strong>pro</strong></span> <span class='ocrx_word' id='word_1_23' title='bbox 1882 661 2156 732; x_wconf 85' lang='lat' dir='ltr'><strong>meritis</strong></span> <span class='ocrx_word' id='word_1_24' title='bbox 2209 684 2394 758; x_wconf 87' lang='lat' dir='ltr'><strong>papa</strong></span> <span class='ocrx_word' id='word_1_25' title='bbox 2455 658 2960 733; x_wconf 84' lang='lat' dir='ltr'><strong>commendare</strong></span> 
     </span>
     <span class='ocr_line' id='line_1_5' title="bbox 846 774 2960 873; baseline -0.003 -22"><span class='ocrx_word' id='word_1_26' title='bbox 846 776 1147 867; x_wconf 80' lang='lat' dir='ltr'><strong>studuit,</strong></span> <span class='ocrx_word' id='word_1_27' title='bbox 1182 792 1265 849; x_wconf 90' lang='lat' dir='ltr'><strong>ut</strong></span> <span class='ocrx_word' id='word_1_28' title='bbox 1296 776 1569 871; x_wconf 87' lang='lat' dir='ltr'>linguas</span> <span class='ocrx_word' id='word_1_29' title='bbox 1588 774 2148 848; x_wconf 82' lang='lat' dir='ltr'><strong>obtrectantium</strong></span> <span class='ocrx_word' id='word_1_30' title='bbox 2171 800 2461 873; x_wconf 89' lang='lat' dir='ltr'><strong>prorsus</strong></span> <span class='ocrx_word' id='word_1_31' title='bbox 2477 774 2902 847; x_wconf 83' lang='lat' dir='ltr'><strong>confoderet</strong></span> <span class='ocrx_word' id='word_1_32' title='bbox 2915 778 2960 861; x_wconf 82' lang='lat'><strong>¹,</strong></span> 
     </span>
     <span class='ocr_line' id='line_1_6' title="bbox 853 890 2966 987; baseline -0.002 -22"><span class='ocrx_word' id='word_1_33' title='bbox 853 907 927 965; x_wconf 91' lang='lat' dir='ltr'><strong>et</strong></span> <span class='ocrx_word' id='word_1_34' title='bbox 952 891 1329 965; x_wconf 82' lang='lat' dir='ltr'>mendaces</span> <span class='ocrx_word' id='word_1_35' title='bbox 1353 890 1513 963; x_wconf 89' lang='lat' dir='ltr'><strong>illos</strong></span> <span class='ocrx_word' id='word_1_36' title='bbox 1536 891 1970 982; x_wconf 85' lang='lat' dir='ltr'><strong>ostenderet,</strong></span> <span class='ocrx_word' id='word_1_37' title='bbox 2005 893 2132 987; x_wconf 90' lang='lat' dir='ltr'><strong>qui</strong></span> <span class='ocrx_word' id='word_1_38' title='bbox 2165 891 2403 963; x_wconf 86' lang='lat' dir='ltr'><strong>virum</strong></span> <span class='ocrx_word' id='word_1_39' title='bbox 2432 891 2798 986; x_wconf 85' lang='lat' dir='ltr'><strong>egregium</strong></span> <span class='ocrx_word' id='word_1_40' title='bbox 2827 914 2966 961; x_wconf 83' lang='lat' dir='ltr'><strong>ma-</strong></span> 
     </span>
     <span class='ocr_line' id='line_1_7' title="bbox 857 1004 2960 1105; baseline -0.001 -25"><span class='ocrx_word' id='word_1_41' title='bbox 857 1007 1097 1080; x_wconf 90' lang='lat' dir='ltr'><strong>culare</strong></span> <span class='ocrx_word' id='word_1_42' title='bbox 1122 1021 1194 1079; x_wconf 90' lang='lat' dir='ltr'><strong>et</strong></span> <span class='ocrx_word' id='word_1_43' title='bbox 1226 1006 1686 1105; x_wconf 84' lang='lat' dir='ltr'><strong>splendorem</strong></span> <span class='ocrx_word' id='word_1_44' title='bbox 1729 1004 1917 1077; x_wconf 89' lang='lat' dir='ltr'><strong>illius</strong></span> <span class='ocrx_word' id='word_1_45' title='bbox 1947 1005 2327 1078; x_wconf 81' lang='lat' dir='ltr'><strong>obfuscare</strong></span> <span class='ocrx_word' id='word_1_46' title='bbox 2355 1006 2596 1079; x_wconf 87' lang='lat' dir='ltr'><strong>eonati</strong></span> <span class='ocrx_word' id='word_1_47' title='bbox 2645 1021 2839 1078; x_wconf 87' lang='lat' dir='ltr'><strong>sunt.</strong></span> <span class='ocrx_word' id='word_1_48' title='bbox 2869 1009 2960 1077; x_wconf 81' lang='lat' dir='ltr'><strong>Ita</strong></span> 
     </span>
     <span class='ocr_line' id='line_1_8' title="bbox 858 1117 2956 1211; baseline 0 -18"><span class='ocrx_word' id='word_1_49' title='bbox 858 1122 1128 1196; x_wconf 79' lang='lat' dir='ltr'><strong>factum</strong></span> <span class='ocrx_word' id='word_1_50' title='bbox 1148 1136 1255 1194; x_wconf 90' lang='lat' dir='ltr'><strong>est</strong></span> <span class='ocrx_word' id='word_1_51' title='bbox 1274 1136 1353 1193; x_wconf 90' lang='lat' dir='ltr'><strong>ut</strong></span> <span class='ocrx_word' id='word_1_52' title='bbox 1384 1121 1578 1194; x_wconf 90' lang='lat' dir='ltr'><strong>hune</strong></span> <span class='ocrx_word' id='word_1_53' title='bbox 1608 1122 1878 1193; x_wconf 86' lang='lat' dir='ltr'><strong>invidia</strong></span> <span class='ocrx_word' id='word_1_54' title='bbox 1911 1146 2060 1193; x_wconf 91' lang='lat' dir='ltr'><strong>non</strong></span> <span class='ocrx_word' id='word_1_55' title='bbox 2083 1122 2314 1194; x_wconf 87' lang='lat' dir='ltr'><strong>solum</strong></span> <span class='ocrx_word' id='word_1_56' title='bbox 2339 1146 2489 1195; x_wconf 91' lang='lat' dir='ltr'><strong>non</strong></span> <span class='ocrx_word' id='word_1_57' title='bbox 2513 1120 2831 1211; x_wconf 76' lang='lat' dir='ltr'><strong>laederet‚</strong></span> <span class='ocrx_word' id='word_1_58' title='bbox 2847 1117 2956 1192; x_wconf 86' lang='lat' dir='ltr'><strong>sed</strong></span> 
     </span>
     <span class='ocr_line' id='line_1_9' title="bbox 862 1234 2966 1333; baseline -0.002 -23"><span class='ocrx_word' id='word_1_59' title='bbox 862 1252 933 1310; x_wconf 89' lang='lat' dir='ltr'><strong>et</strong></span> <span class='ocrx_word' id='word_1_60' title='bbox 957 1235 1287 1309; x_wconf 85' lang='lat' dir='ltr'><strong>laudibus</strong></span> <span class='ocrx_word' id='word_1_61' title='bbox 1316 1234 1467 1333; x_wconf 88' lang='lat' dir='ltr'><strong>ejus</strong></span> <span class='ocrx_word' id='word_1_62' title='bbox 1494 1238 1936 1311; x_wconf 86' lang='lat' dir='ltr'><strong>incrementa</strong></span> <span class='ocrx_word' id='word_1_63' title='bbox 1954 1238 2340 1310; x_wconf 86' lang='lat' dir='ltr'><strong>conferret.</strong></span> <span class='ocrx_word' id='word_1_64' title='bbox 2371 1242 2554 1309; x_wconf 87' lang='lat' dir='ltr'><strong>Nam</strong></span> <span class='ocrx_word' id='word_1_65' title='bbox 2575 1240 2756 1328; x_wconf 84' lang='lat' dir='ltr'><strong>rex¹‚</strong></span> <span class='ocrx_word' id='word_1_66' title='bbox 2793 1236 2966 1308; x_wconf 73' lang='lat' dir='ltr'><strong>veri-</strong></span> 
     </span>
     <span class='ocr_line' id='line_1_10' title="bbox 861 1351 2964 1451; baseline -0.002 -25"><span class='ocrx_word' id='word_1_67' title='bbox 861 1367 1006 1426; x_wconf 84' lang='lat' dir='ltr'><strong>tate</strong></span> <span class='ocrx_word' id='word_1_68' title='bbox 1037 1368 1431 1450; x_wconf 86' lang='lat' dir='ltr'><strong>comperta,</strong></span> <span class='ocrx_word' id='word_1_69' title='bbox 1474 1366 1545 1423; x_wconf 89' lang='lat' dir='ltr'><strong>et</strong></span> <span class='ocrx_word' id='word_1_70' title='bbox 1586 1368 1735 1423; x_wconf 82' lang='lat' dir='ltr'><strong>tam</strong></span> <span class='ocrx_word' id='word_1_71' title='bbox 1772 1377 1854 1424; x_wconf 84' lang='lat' dir='ltr'><strong>ex</strong></span> <span class='ocrx_word' id='word_1_72' title='bbox 1900 1352 2241 1451; x_wconf 88' lang='lat' dir='ltr'><strong>operibus</strong></span> <span class='ocrx_word' id='word_1_73' title='bbox 2290 1378 2507 1450; x_wconf 86' lang='lat' dir='ltr'><strong>quam</strong></span> <span class='ocrx_word' id='word_1_74' title='bbox 2555 1377 2756 1451; x_wconf 82' lang='lat' dir='ltr'><strong>papae</strong></span> <span class='ocrx_word' id='word_1_75' title='bbox 2795 1351 2964 1425; x_wconf 66' lang='lat' dir='ltr'><strong>testi-</strong></span> 
     </span>
     <span class='ocr_line' id='line_1_11' title="bbox 860 1466 2960 1567; baseline -0.002 -27"><span class='ocrx_word' id='word_1_76' title='bbox 860 1468 1113 1541; x_wconf 89' lang='lat' dir='ltr'><strong>monio</strong></span> <span class='ocrx_word' id='word_1_77' title='bbox 1133 1466 1276 1539; x_wconf 85' lang='lat' dir='ltr'><strong>fide</strong></span> <span class='ocrx_word' id='word_1_78' title='bbox 1308 1468 1440 1540; x_wconf 82' lang='lat' dir='ltr'><strong>viri</strong></span> <span class='ocrx_word' id='word_1_79' title='bbox 1474 1467 1784 1563; x_wconf 84' lang='lat' dir='ltr'><strong>cognita,</strong></span> <span class='ocrx_word' id='word_1_80' title='bbox 1821 1492 1990 1539; x_wconf 89' lang='lat' dir='ltr'><strong>cum</strong></span> <span class='ocrx_word' id='word_1_81' title='bbox 2005 1468 2235 1539; x_wconf 86' lang='lat' dir='ltr'><strong>hunc⁸</strong></span> <span class='ocrx_word' id='word_1_82' title='bbox 2263 1483 2428 1541; x_wconf 88' lang='lat' dir='ltr'><strong>ante</strong></span> <span class='ocrx_word' id='word_1_83' title='bbox 2458 1468 2960 1567; x_wconf 82' lang='lat' dir='ltr'><strong>prosectionem</strong></span> 
     </span>
     <span class='ocr_line' id='line_1_12' title="bbox 862 1584 2961 1684; baseline -0.001 -27"><span class='ocrx_word' id='word_1_84' title='bbox 862 1584 1255 1684; x_wconf 90' lang='lat' dir='ltr'><strong>plurimum</strong></span> <span class='ocrx_word' id='word_1_85' title='bbox 1268 1585 1648 1675; x_wconf 85' lang='lat' dir='ltr'><strong>dilexisset,</strong></span> <span class='ocrx_word' id='word_1_86' title='bbox 1673 1588 1874 1657; x_wconf 90' lang='lat' dir='ltr'><strong>omni</strong></span> <span class='ocrx_word' id='word_1_87' title='bbox 1895 1587 2042 1683; x_wconf 84' lang='lat' dir='ltr'><strong>jam</strong></span> <span class='ocrx_word' id='word_1_88' title='bbox 2069 1586 2470 1684; x_wconf 84' lang='lat' dir='ltr'><strong>suspicione</strong></span> <span class='ocrx_word' id='word_1_89' title='bbox 2500 1586 2806 1675; x_wconf 86' lang='lat' dir='ltr'><strong>sublata,</strong></span> <span class='ocrx_word' id='word_1_90' title='bbox 2825 1608 2961 1655; x_wconf 84' lang='lat' dir='ltr'><strong>am-</strong></span> 
     </span>
     <span class='ocr_line' id='line_1_13' title="bbox 862 1699 2956 1799; baseline -0 -28"><span class='ocrx_word' id='word_1_91' title='bbox 862 1700 1049 1799; x_wconf 90' lang='lat' dir='ltr'><strong>plius</strong></span> <span class='ocrx_word' id='word_1_92' title='bbox 1066 1715 1233 1799; x_wconf 92' lang='lat' dir='ltr'><strong>post</strong></span> <span class='ocrx_word' id='word_1_93' title='bbox 1250 1700 1587 1792; x_wconf 88' lang='lat' dir='ltr'><strong>reditum,</strong></span> <span class='ocrx_word' id='word_1_94' title='bbox 1614 1716 1693 1771; x_wconf 92' lang='lat' dir='ltr'><strong>ut</strong></span> <span class='ocrx_word' id='word_1_95' title='bbox 1710 1699 2008 1795; x_wconf 88' lang='lat' dir='ltr'><strong>dignum</strong></span> <span class='ocrx_word' id='word_1_96' title='bbox 2024 1715 2202 1789; x_wconf 88' lang='lat' dir='ltr'><strong>erat,</strong></span> <span class='ocrx_word' id='word_1_97' title='bbox 2224 1700 2465 1773; x_wconf 87' lang='lat' dir='ltr'><strong>dilexit</strong></span> <span class='ocrx_word' id='word_1_98' title='bbox 2481 1714 2553 1771; x_wconf 90' lang='lat' dir='ltr'><strong>et</strong></span> <span class='ocrx_word' id='word_1_99' title='bbox 2565 1700 2956 1773; x_wconf 79' lang='lat' dir='ltr'><strong>honoravit.</strong></span> 
     </span>
     <span class='ocr_line' id='line_1_14' title="bbox 866 1814 2962 1911; baseline -0.001 -23"><span class='ocrx_word' id='word_1_100' title='bbox 866 1814 1135 1905; x_wconf 87' lang='lat' dir='ltr'><strong>Quidni</strong></span> <span class='ocrx_word' id='word_1_101' title='bbox 1164 1814 1526 1911; x_wconf 80' lang='lat' dir='ltr'><strong>diligeret?</strong></span> <span class='ocrx_word' id='word_1_102' title='bbox 1552 1814 1823 1903; x_wconf 88' lang='lat' dir='ltr'><strong>Quidni</strong></span> <span class='ocrx_word' id='word_1_103' title='bbox 1845 1817 2044 1889; x_wconf 91' lang='lat' dir='ltr'><strong>omni</strong></span> <span class='ocrx_word' id='word_1_104' title='bbox 2067 1816 2346 1889; x_wconf 88' lang='lat' dir='ltr'><strong>honore</strong></span> <span class='ocrx_word' id='word_1_105' title='bbox 2367 1816 2672 1911; x_wconf 88' lang='lat' dir='ltr'><strong>dignum</strong></span> <span class='ocrx_word' id='word_1_106' title='bbox 2693 1814 2962 1887; x_wconf 81' lang='lat' dir='ltr'><strong>haberet</strong></span> 
     </span>
     <span class='ocr_line' id='line_1_15' title="bbox 866 1928 2965 2029; baseline -0.001 -26"><span class='ocrx_word' id='word_1_107' title='bbox 866 1956 1061 2025; x_wconf 84' lang='lat' dir='ltr'><strong>eum,</strong></span> <span class='ocrx_word' id='word_1_108' title='bbox 1092 1932 1220 2029; x_wconf 89' lang='lat' dir='ltr'><strong>qui</strong></span> <span class='ocrx_word' id='word_1_109' title='bbox 1240 1956 1483 2003; x_wconf 91' lang='lat' dir='ltr'><strong>rerum</strong></span> <span class='ocrx_word' id='word_1_110' title='bbox 1505 1954 1866 2005; x_wconf 86' lang='lat' dir='ltr'><strong>summam</strong></span> <span class='ocrx_word' id='word_1_111' title='bbox 1884 1931 2022 2004; x_wconf 87' lang='lat' dir='ltr'><strong>sihi</strong></span> <span class='ocrx_word' id='word_1_112' title='bbox 2038 1930 2385 2004; x_wconf 82' lang='lat' dir='ltr'><strong>creditam</strong></span> <span class='ocrx_word' id='word_1_113' title='bbox 2405 1946 2702 2006; x_wconf 87' lang='lat' dir='ltr'><strong>strenue</strong></span> <span class='ocrx_word' id='word_1_114' title='bbox 2719 1944 2789 2002; x_wconf 88' lang='lat' dir='ltr'><strong>et</strong></span> <span class='ocrx_word' id='word_1_115' title='bbox 2817 1928 2965 2001; x_wconf 86' lang='lat' dir='ltr'><strong>fide-</strong></span> 
     </span>
     <span class='ocr_line' id='line_1_16' title="bbox 867 2046 2968 2145; baseline -0.001 -27"><span class='ocrx_word' id='word_1_116' title='bbox 867 2046 1029 2119; x_wconf 85' lang='lat' dir='ltr'><strong>liter</strong></span> <span class='ocrx_word' id='word_1_117' title='bbox 1042 2048 1249 2138; x_wconf 85' lang='lat' dir='ltr'><strong>rexit,</strong></span> <span class='ocrx_word' id='word_1_118' title='bbox 1273 2062 1488 2143; x_wconf 86' lang='lat' dir='ltr'><strong>atque</strong></span> <span class='ocrx_word' id='word_1_119' title='bbox 1502 2071 1671 2118; x_wconf 90' lang='lat' dir='ltr'><strong>eum</strong></span> <span class='ocrx_word' id='word_1_120' title='bbox 1685 2072 1859 2145; x_wconf 88' lang='lat' dir='ltr'><strong>paee</strong></span> <span class='ocrx_word' id='word_1_121' title='bbox 1876 2062 1948 2119; x_wconf 89' lang='lat' dir='ltr'><strong>et</strong></span> <span class='ocrx_word' id='word_1_122' title='bbox 1969 2048 2370 2142; x_wconf 85' lang='lat' dir='ltr'><strong>integritate</strong></span> <span class='ocrx_word' id='word_1_123' title='bbox 2387 2048 2724 2143; x_wconf 67' lang='lat' dir='ltr'><strong>regnum*</strong></span> <span class='ocrx_word' id='word_1_124' title='bbox 2744 2069 2968 2118; x_wconf 79' lang='lat' dir='ltr'><strong>recon-</strong></span> 
     </span>
     <span class='ocr_line' id='line_1_17' title="bbox 869 2160 2968 2261; baseline -0.002 -26"><span class='ocrx_word' id='word_1_125' title='bbox 869 2162 1210 2258; x_wconf 79' lang='lat' dir='ltr'><strong>signavit?</strong></span> <span class='ocrx_word' id='word_1_126' title='bbox 1231 2160 1500 2249; x_wconf 91' lang='lat' dir='ltr'><strong>Quidni</strong></span> <span class='ocrx_word' id='word_1_127' title='bbox 1526 2186 1673 2261; x_wconf 88' lang='lat' dir='ltr'><strong>prae</strong></span> <span class='ocrx_word' id='word_1_128' title='bbox 1695 2165 1974 2235; x_wconf 89' lang='lat' dir='ltr'><strong>cunctis</strong></span> <span class='ocrx_word' id='word_1_129' title='bbox 1991 2188 2066 2233; x_wconf 89' lang='lat' dir='ltr'><strong>se</strong></span> <span class='ocrx_word' id='word_1_130' title='bbox 2091 2162 2193 2233; x_wconf 88' lang='lat' dir='ltr'><strong>illi</strong></span> <span class='ocrx_word' id='word_1_131' title='bbox 2221 2161 2573 2251; x_wconf 89' lang='lat' dir='ltr'><strong>crederet,</strong></span> <span class='ocrx_word' id='word_1_132' title='bbox 2598 2186 2816 2259; x_wconf 88' lang='lat' dir='ltr'><strong>quem</strong></span> <span class='ocrx_word' id='word_1_133' title='bbox 2841 2184 2968 2259; x_wconf 81' lang='lat' dir='ltr'><strong>prae</strong></span> 
     </span>
     <span class='ocr_line' id='line_1_18' title="bbox 868 2275 2971 2375; baseline 0 -26"><span class='ocrx_word' id='word_1_134' title='bbox 868 2278 1126 2349; x_wconf 88' lang='lat' dir='ltr'><strong>ceteris</strong></span> <span class='ocrx_word' id='word_1_135' title='bbox 1140 2275 1429 2349; x_wconf 85' lang='lat' dir='ltr'><strong>fidelem</strong></span> <span class='ocrx_word' id='word_1_136' title='bbox 1440 2275 1816 2375; x_wconf 80' lang='lat' dir='ltr'><strong>probavit?</strong></span> <span class='ocrx_word' id='word_1_137' title='bbox 1829 2277 2094 2350; x_wconf 86' lang='lat' dir='ltr'><strong>Dilexit</strong></span> <span class='ocrx_word' id='word_1_138' title='bbox 2105 2302 2378 2369; x_wconf 84' lang='lat' dir='ltr'><strong>revera,</strong></span> <span class='ocrx_word' id='word_1_139' title='bbox 2391 2277 2669 2367; x_wconf 83' lang='lat' dir='ltr'><strong>dilexit,</strong></span> <span class='ocrx_word' id='word_1_140' title='bbox 2689 2292 2762 2349; x_wconf 90' lang='lat' dir='ltr'><strong>et</strong></span> <span class='ocrx_word' id='word_1_141' title='bbox 2775 2300 2971 2375; x_wconf 88' lang='lat' dir='ltr'><strong>quan·</strong></span> 
     </span>
     <span class='ocr_line' id='line_1_19' title="bbox 870 2390 2970 2490; baseline -0.001 -26"><span class='ocrx_word' id='word_1_142' title='bbox 870 2407 1033 2465; x_wconf 89' lang='lat' dir='ltr'><strong>tum</strong></span> <span class='ocrx_word' id='word_1_143' title='bbox 1094 2390 1420 2464; x_wconf 82' lang='lat' dir='ltr'><strong>dilexerit</strong></span> <span class='ocrx_word' id='word_1_144' title='bbox 1448 2390 1782 2490; x_wconf 84' lang='lat' dir='ltr'><strong>probavit</strong></span> <span class='ocrx_word' id='word_1_145' title='bbox 1808 2394 2056 2464; x_wconf 87' lang='lat' dir='ltr'><strong>exitus.</strong></span> <span class='ocrx_word' id='word_1_146' title='bbox 2093 2398 2296 2478; x_wconf 88' lang='lat' dir='ltr'><strong>Nam,</strong></span> <span class='ocrx_word' id='word_1_147' title='bbox 2327 2393 2510 2465; x_wconf 89' lang='lat' dir='ltr'><strong>sicut</strong></span> <span class='ocrx_word' id='word_1_148' title='bbox 2537 2408 2810 2465; x_wconf 88' lang='lat' dir='ltr'><strong>norunt</strong></span> <span class='ocrx_word' id='word_1_149' title='bbox 2829 2392 2970 2489; x_wconf 86' lang='lat' dir='ltr'><strong>plu-</strong></span> 
     </span>
     <span class='ocr_line' id='line_1_20' title="bbox 872 2506 2972 2606; baseline 0 -27"><span class='ocrx_word' id='word_1_150' title='bbox 872 2507 1065 2597; x_wconf 80' lang='lat' dir='ltr'><strong>rimi,</strong></span> <span class='ocrx_word' id='word_1_151' title='bbox 1094 2522 1167 2580; x_wconf 89' lang='lat' dir='ltr'><strong>et</strong></span> <span class='ocrx_word' id='word_1_152' title='bbox 1182 2506 1350 2581; x_wconf 84' lang='lat' dir='ltr'><strong>vivo</strong></span> <span class='ocrx_word' id='word_1_153' title='bbox 1376 2522 1449 2578; x_wconf 90' lang='lat' dir='ltr'><strong>et</strong></span> <span class='ocrx_word' id='word_1_154' title='bbox 1468 2523 1760 2581; x_wconf 89' lang='lat' dir='ltr'><strong>mortuo</strong></span> <span class='ocrx_word' id='word_1_155' title='bbox 1781 2510 2076 2604; x_wconf 87' lang='lat' dir='ltr'><strong>gratiam</strong></span> <span class='ocrx_word' id='word_1_156' title='bbox 2096 2508 2362 2581; x_wconf 90' lang='lat' dir='ltr'><strong>retulit.</strong></span> <span class='ocrx_word' id='word_1_157' title='bbox 2391 2512 2496 2579; x_wconf 87' lang='lat' dir='ltr'><strong>Ex</strong></span> <span class='ocrx_word' id='word_1_158' title='bbox 2514 2508 2641 2579; x_wconf 90' lang='lat' dir='ltr'><strong>illo</strong></span> <span class='ocrx_word' id='word_1_159' title='bbox 2650 2509 2806 2606; x_wconf 71' lang='lat' dir='ltr'><strong>Jam</strong></span> <span class='ocrx_word' id='word_1_160' title='bbox 2821 2522 2972 2579; x_wconf 85' lang='lat' dir='ltr'><strong>tem·</strong></span> 
     </span>
     <span class='ocr_line' id='line_1_21' title="bbox 874 2622 2970 2723; baseline 0 -30"><span class='ocrx_word' id='word_1_161' title='bbox 874 2646 1077 2721; x_wconf 87' lang='lat' dir='ltr'><strong>pore,</strong></span> <span class='ocrx_word' id='word_1_162' title='bbox 1116 2636 1265 2694; x_wconf 84' lang='lat' dir='ltr'><strong>tam</strong></span> <span class='ocrx_word' id='word_1_163' title='bbox 1293 2647 1337 2695; x_wconf 89' lang='lat' dir='ltr'><strong>a</strong></span> <span class='ocrx_word' id='word_1_164' title='bbox 1356 2623 1630 2721; x_wconf 89' lang='lat' dir='ltr'><strong>populo</strong></span> <span class='ocrx_word' id='word_1_165' title='bbox 1663 2648 1880 2721; x_wconf 90' lang='lat' dir='ltr'><strong>quam</strong></span> <span class='ocrx_word' id='word_1_166' title='bbox 1907 2624 2228 2722; x_wconf 87' lang='lat' dir='ltr'><strong>principe</strong></span> <span class='ocrx_word' id='word_1_167' title='bbox 2247 2640 2451 2722; x_wconf 86' lang='lat' dir='ltr'><strong>pater</strong></span> <span class='ocrx_word' id='word_1_168' title='bbox 2475 2622 2970 2723; x_wconf 81' lang='lat' dir='ltr'><strong>appellatusest</strong></span> 
     </span>
     <span class='ocr_line' id='line_1_22' title="bbox 874 2736 2972 2839; baseline -0.001 -30"><span class='ocrx_word' id='word_1_169' title='bbox 874 2738 1141 2835; x_wconf 83' lang='lat' dir='ltr'><strong>patriae,</strong></span> <span class='ocrx_word' id='word_1_170' title='bbox 1174 2753 1247 2810; x_wconf 87' lang='lat' dir='ltr'><strong>et</strong></span> <span class='ocrx_word' id='word_1_171' title='bbox 1270 2738 1363 2811; x_wconf 91' lang='lat' dir='ltr'><strong>ab</strong></span> <span class='ocrx_word' id='word_1_172' title='bbox 1392 2738 1732 2811; x_wconf 90' lang='lat' dir='ltr'><strong>omnibus</strong></span> <span class='ocrx_word' id='word_1_173' title='bbox 1755 2741 2021 2839; x_wconf 87' lang='lat' dir='ltr'><strong>pariter</strong></span> <span class='ocrx_word' id='word_1_174' title='bbox 2041 2741 2364 2813; x_wconf 81' lang='lat' dir='ltr'><strong>maximis</strong></span> <span class='ocrx_word' id='word_1_175' title='bbox 2385 2740 2814 2813; x_wconf 86' lang='lat' dir='ltr'><strong>meritorum</strong></span> <span class='ocrx_word' id='word_1_176' title='bbox 2829 2736 2972 2811; x_wconf 87' lang='lat' dir='ltr'><strong>effe-</strong></span> 
     </span>
     <span class='ocr_line' id='line_1_23' title="bbox 877 2848 2970 2953; baseline 0 -30"><span class='ocrx_word' id='word_1_177' title='bbox 877 2848 1171 2923; x_wconf 84' lang='lat' dir='ltr'><strong>rebatur</strong></span> <span class='ocrx_word' id='word_1_178' title='bbox 1228 2853 1475 2927; x_wconf 88' lang='lat' dir='ltr'><strong>titulis.</strong></span> <span class='ocrx_word' id='word_1_179' title='bbox 1526 2852 1880 2926; x_wconf 88' lang='lat' dir='ltr'><strong>Putabant</strong></span> <span class='ocrx_word' id='word_1_180' title='bbox 1927 2854 2221 2953; x_wconf 87' lang='lat' dir='ltr'><strong>plurimi</strong></span> <span class='ocrx_word' id='word_1_181' title='bbox 2259 2856 2456 2928; x_wconf 90' lang='lat' dir='ltr'><strong>hunc</strong></span> <span class='ocrx_word' id='word_1_182' title='bbox 2489 2854 2600 2927; x_wconf 87' lang='lat' dir='ltr'><strong>illi</strong></span> <span class='ocrx_word' id='word_1_183' title='bbox 2651 2851 2970 2927; x_wconf 79' lang='lat' dir='ltr'><strong>felicitatis</strong></span> 
     </span>
     <span class='ocr_line' id='line_1_24' title="bbox 878 2965 2973 3064; baseline 0.002 -27"><span class='ocrx_word' id='word_1_184' title='bbox 878 2965 1182 3063; x_wconf 86' lang='lat' dir='ltr'><strong>gradum</strong></span> <span class='ocrx_word' id='word_1_185' title='bbox 1210 2966 1543 3041; x_wconf 90' lang='lat' dir='ltr'><strong>debuisse</strong></span> <span class='ocrx_word' id='word_1_186' title='bbox 1580 2969 1938 3064; x_wconf 85' lang='lat' dir='ltr'><strong>sufficere,</strong></span> <span class='ocrx_word' id='word_1_187' title='bbox 1975 2996 2112 3043; x_wconf 90' lang='lat' dir='ltr'><strong>nee</strong></span> <span class='ocrx_word' id='word_1_188' title='bbox 2151 2971 2362 3045; x_wconf 89' lang='lat' dir='ltr'><strong>altius</strong></span> <span class='ocrx_word' id='word_1_189' title='bbox 2387 2970 2592 3043; x_wconf 87' lang='lat' dir='ltr'><strong>illum</strong></span> <span class='ocrx_word' id='word_1_190' title='bbox 2620 2967 2973 3043; x_wconf 83' lang='lat' dir='ltr'><strong>ascendere</strong></span> 
     </span>
     <span class='ocr_line' id='line_1_25' title="bbox 880 3083 2974 3187; baseline 0.001 -33"><span class='ocrx_word' id='word_1_191' title='bbox 880 3106 1091 3183; x_wconf 88' lang='lat' dir='ltr'><strong>posse</strong></span> <span class='ocrx_word' id='word_1_192' title='bbox 1104 3083 1571 3181; x_wconf 83' lang='lat' dir='ltr'><strong>proficiendo.</strong></span> <span class='ocrx_word' id='word_1_193' title='bbox 1590 3084 1734 3157; x_wconf 90' lang='lat' dir='ltr'><strong>Sed</strong></span> <span class='ocrx_word' id='word_1_194' title='bbox 1751 3086 2370 3184; x_wconf 88' lang='lat' dir='ltr'><strong>quemadmodum</strong></span> <span class='ocrx_word' id='word_1_195' title='bbox 2382 3084 2974 3187; x_wconf 83' lang='lat' dir='ltr'><strong>pessimisquibus-</strong></span> 
     </span>
     <span class='ocr_line' id='line_1_26' title="bbox 886 3197 2978 3300; baseline 0.001 -29"><span class='ocrx_word' id='word_1_196' title='bbox 886 3222 1027 3297; x_wconf 88' lang='lat' dir='ltr'><strong>que</strong></span> <span class='ocrx_word' id='word_1_197' title='bbox 1070 3197 1311 3271; x_wconf 88' lang='lat' dir='ltr'><strong>nullus</strong></span> <span class='ocrx_word' id='word_1_198' title='bbox 1362 3213 1469 3271; x_wconf 89' lang='lat' dir='ltr'><strong>est</strong></span> <span class='ocrx_word' id='word_1_199' title='bbox 1514 3198 1994 3275; x_wconf 87' lang='lat' dir='ltr'><strong>descensionis</strong></span> <span class='ocrx_word' id='word_1_200' title='bbox 2037 3204 2299 3300; x_wconf 86' lang='lat' dir='ltr'><strong>gradus</strong></span> <span class='ocrx_word' id='word_1_201' title='bbox 2333 3204 2660 3295; x_wconf 79' lang='lat' dir='ltr'><strong>ultimuS‚</strong></span> <span class='ocrx_word' id='word_1_202' title='bbox 2705 3204 2807 3275; x_wconf 86' lang='lat' dir='ltr'><strong>sic</strong></span> <span class='ocrx_word' id='word_1_203' title='bbox 2837 3198 2978 3273; x_wconf 79' lang='lat' dir='ltr'><strong>viris</strong></span> 
     </span>
     <span class='ocr_line' id='line_1_27' title="bbox 885 3312 2850 3416; baseline 0.002 -31"><span class='ocrx_word' id='word_1_204' title='bbox 885 3313 1231 3387; x_wconf 82' lang='lat' dir='ltr'><strong>virtutum</strong></span> <span class='ocrx_word' id='word_1_205' title='bbox 1264 3312 1505 3388; x_wconf 90' lang='lat' dir='ltr'><strong>nullus</strong></span> <span class='ocrx_word' id='word_1_206' title='bbox 1537 3330 1645 3389; x_wconf 90' lang='lat' dir='ltr'><strong>est</strong></span> <span class='ocrx_word' id='word_1_207' title='bbox 1675 3316 2105 3416; x_wconf 86' lang='lat' dir='ltr'><strong>proficiendi</strong></span> <span class='ocrx_word' id='word_1_208' title='bbox 2143 3318 2305 3393; x_wconf 89' lang='lat' dir='ltr'><strong>finis</strong></span> <span class='ocrx_word' id='word_1_209' title='bbox 2331 3319 2442 3391; x_wconf 81' lang='lat' dir='ltr'><strong>vel</strong></span> <span class='ocrx_word' id='word_1_210' title='bbox 2479 3318 2850 3392; x_wconf 87' lang='lat' dir='ltr'><strong>terminus.</strong></span> 
     </span>
     <span class='ocr_line' id='line_1_28' title="bbox 984 3427 2980 3531; baseline 0.001 -32"><span class='ocrx_word' id='word_1_211' title='bbox 984 3432 1123 3503; x_wconf 87' lang='lat' dir='ltr'><strong>Per</strong></span> <span class='ocrx_word' id='word_1_212' title='bbox 1186 3427 1339 3503; x_wconf 90' lang='lat' dir='ltr'><strong>dies</strong></span> <span class='ocrx_word' id='word_1_213' title='bbox 1388 3430 1631 3531; x_wconf 87' lang='lat' dir='ltr'><strong>itaque</strong></span> <span class='ocrx_word' id='word_1_214' title='bbox 1684 3431 2000 3528; x_wconf 87' lang='lat' dir='ltr'><strong>singulos</strong></span> <span class='ocrx_word' id='word_1_215' title='bbox 2074 3434 2187 3507; x_wconf 84' lang='lat' dir='ltr'><strong>vir</strong></span> <span class='ocrx_word' id='word_1_216' title='bbox 2251 3432 2541 3507; x_wconf 89' lang='lat' dir='ltr'><strong>illustris</strong></span> <span class='ocrx_word' id='word_1_217' title='bbox 2611 3430 2980 3529; x_wconf 80' lang='lat' dir='ltr'><strong>angebatur</strong></span> 
     </span>
     <span class='ocr_line' id='line_1_29' title="bbox 888 3543 2982 3647; baseline 0.001 -32"><span class='ocrx_word' id='word_1_218' title='bbox 888 3543 1159 3636; x_wconf 86' lang='lat' dir='ltr'><strong>animo,</strong></span> <span class='ocrx_word' id='word_1_219' title='bbox 1192 3547 1394 3644; x_wconf 92' lang='lat' dir='ltr'><strong>quod</strong></span> <span class='ocrx_word' id='word_1_220' title='bbox 1424 3572 1509 3619; x_wconf 81' lang='lat' dir='ltr'><strong>ex</strong></span> <span class='ocrx_word' id='word_1_221' title='bbox 1548 3546 1672 3621; x_wconf 91' lang='lat' dir='ltr'><strong>illa</strong></span> <span class='ocrx_word' id='word_1_222' title='bbox 1715 3550 2306 3647; x_wconf 85' lang='lat' dir='ltr'><strong>peregrinationis</strong></span> <span class='ocrx_word' id='word_1_223' title='bbox 2347 3550 2460 3623; x_wconf 81' lang='lat' dir='ltr'><strong>via</strong></span> <span class='ocrx_word' id='word_1_224' title='bbox 2497 3549 2696 3622; x_wconf 87' lang='lat' dir='ltr'><strong>nulla</strong></span> <span class='ocrx_word' id='word_1_225' title='bbox 2726 3545 2982 3621; x_wconf 80' lang='lat' dir='ltr'><strong>virtutis</strong></span> 
     </span>
     <span class='ocr_line' id='line_1_30' title="bbox 887 3663 2984 3766; baseline 0.001 -35"><span class='ocrx_word' id='word_1_226' title='bbox 887 3676 1215 3759; x_wconf 82' lang='lat' dir='ltr'><strong>parerent</strong></span> <span class='ocrx_word' id='word_1_227' title='bbox 1246 3664 1556 3759; x_wconf 81' lang='lat' dir='ltr'><strong>vestigia.</strong></span> <span class='ocrx_word' id='word_1_228' title='bbox 1600 3663 1895 3763; x_wconf 83' lang='lat' dir='ltr'><strong>Indigne</strong></span> <span class='ocrx_word' id='word_1_229' title='bbox 1930 3666 2148 3739; x_wconf 88' lang='lat' dir='ltr'><strong>etiam</strong></span> <span class='ocrx_word' id='word_1_230' title='bbox 2173 3666 2444 3740; x_wconf 86' lang='lat' dir='ltr'><strong>ferebat</strong></span> <span class='ocrx_word' id='word_1_231' title='bbox 2467 3666 2668 3766; x_wconf 88' lang='lat' dir='ltr'><strong>quod</strong></span> <span class='ocrx_word' id='word_1_232' title='bbox 2699 3690 2792 3739; x_wconf 82' lang='lat' dir='ltr'><strong>ex</strong></span> <span class='ocrx_word' id='word_1_233' title='bbox 2815 3678 2984 3739; x_wconf 82' lang='lat' dir='ltr'><strong>tanta</strong></span> 
     </span>
    </p>
   </div>
   <div class='ocr_carea' id='block_1_3' title="bbox 974 3924 2980 4103">
    <p class='ocr_par' dir='ltr' id='par_1_3' title="bbox 974 3924 2980 4103">
     <span class='ocr_line' id='line_1_31' title="bbox 974 3924 2980 4009; baseline 0.005 -25"><span class='ocrx_word' id='word_1_234' title='bbox 974 3927 1037 3985; x_wconf 82' lang='lat'><strong>1.</strong></span> <span class='ocrx_word' id='word_1_235' title='bbox 1087 3927 1262 3985; x_wconf 77' lang='lat' dir='ltr'><strong>Forte</strong></span> <span class='ocrx_word' id='word_1_236' title='bbox 1284 3928 1649 4002; x_wconf 77' lang='lat' dir='ltr'><strong>confunderet</strong></span> <span class='ocrx_word' id='word_1_237' title='bbox 1675 3924 2002 4009; x_wconf 85' lang='lat' dir='ltr'><strong>legendum.</strong></span> <span class='ocrx_word' id='word_1_238' title='bbox 2051 3962 2132 3976; x_wconf 92' lang='lat'><strong>—--</strong></span> <span class='ocrx_word' id='word_1_239' title='bbox 2172 3936 2233 3992; x_wconf 80' lang='lat'><strong>2.</strong></span> <span class='ocrx_word' id='word_1_240' title='bbox 2277 3937 2427 3993; x_wconf 81' lang='lat' dir='ltr'><strong>Nam</strong></span> <span class='ocrx_word' id='word_1_241' title='bbox 2447 3944 2506 3991; x_wconf 76' lang='lat' dir='ltr'><strong>et</strong></span> <span class='ocrx_word' id='word_1_242' title='bbox 2532 3952 2642 3991; x_wconf 65' lang='lat' dir='ltr'><strong>rex</strong></span> <span class='ocrx_word' id='word_1_243' title='bbox 2661 3931 2760 3993; x_wconf 80' lang='lat' dir='ltr'><strong>ed.</strong></span> <span class='ocrx_word' id='word_1_244' title='bbox 2791 3928 2980 3993; x_wconf 69' lang='lat' dir='ltr'><strong>Bened-</strong></span> 
     </span>
     <span class='ocr_line' id='line_1_32' title="bbox 976 4017 2979 4103; baseline 0.002 -24"><span class='ocrx_word' id='word_1_245' title='bbox 976 4022 1036 4079; x_wconf 85' lang='lat'><strong>3.</strong></span> <span class='ocrx_word' id='word_1_246' title='bbox 1060 4022 1227 4079; x_wconf 80' lang='lat' dir='ltr'><strong>Hunc</strong></span> <span class='ocrx_word' id='word_1_247' title='bbox 1259 4017 1419 4080; x_wconf 89' lang='lat' dir='ltr'><strong>deest</strong></span> <span class='ocrx_word' id='word_1_248' title='bbox 1440 4020 1598 4101; x_wconf 88' lang='lat' dir='ltr'><strong>apud</strong></span> <span class='ocrx_word' id='word_1_249' title='bbox 1626 4024 1842 4084; x_wconf 84' lang='lat' dir='ltr'><strong>Bened.</strong></span> <span class='ocrx_word' id='word_1_250' title='bbox 1861 4054 1942 4069; x_wconf 89' lang='lat'><strong>-·</strong></span> <span class='ocrx_word' id='word_1_251' title='bbox 1987 4026 2044 4083; x_wconf 79' lang='lat'><strong>4.</strong></span> <span class='ocrx_word' id='word_1_252' title='bbox 2075 4030 2328 4103; x_wconf 77' lang='lat' dir='ltr'><strong>Regnum</strong></span> <span class='ocrx_word' id='word_1_253' title='bbox 2351 4024 2516 4085; x_wconf 81' lang='lat' dir='ltr'><strong>deest</strong></span> <span class='ocrx_word' id='word_1_254' title='bbox 2537 4026 2600 4085; x_wconf 84' lang='lat' dir='ltr'><strong>in</strong></span> <span class='ocrx_word' id='word_1_255' title='bbox 2625 4024 2848 4087; x_wconf 85' lang='lat' dir='ltr'><strong>cunctis</strong></span> <span class='ocrx_word' id='word_1_256' title='bbox 2866 4020 2979 4083; x_wconf 80' lang='lat' dir='ltr'><strong>edd-</strong></span> 
     </span>
    </p>
   </div>
  </div>
 </body>
</html>
