3275 5317
1249 590 1590 649 LETrRES.
2359 596 2473 653 265

374 736 447 793 et
482 720 785 809 honore,
828 743 1045 816 quem
1080 719 1285 791 valde
1322 718 1712 816 diligimus,
1766 726 2010 819 Neque
2052 723 2246 793 enim
2292 723 2474 797 obli-

374 836 569 907 vioni
616 834 893 907 tradere
944 837 1333 933 poterimus
1363 836 1714 909 honorem
1763 853 1838 909 et
1891 860 2211 909 amorem
2259 864 2476 937 quem

373 949 721 1044 gloriosus
753 974 875 1021 rex
906 951 1253 1022 Henricus
1301 966 1457 1022 toto
1500 966 1828 1050 tempore
1871 951 2034 1023 vitae
2080 976 2220 1023 suae
2269 953 2478 1027 nobis

372 1064 697 1137 exhibuit
735 1092 749 1135 ε
788 1067 914 1162 qui
953 1090 1123 1139 cum
1160 1067 1513 1166 sapienter
1544 1082 1615 1139 et
1659 1082 1992 1165 potenter
2021 1068 2092 1139 in
2136 1068 2476 1141 adminis-

370 1182 675 1254 tratione
726 1183 924 1277 regni
975 1182 1359 1279 Anglorum
1414 1198 1487 1253 et
1546 1181 1848 1255 ducatus
1902 1188 2477 1257 Normannorum

376 1298 689 1385 floreret,
732 1322 1195 1395 quocumque
1222 1323 1635 1393 guerrarum
1657 1312 1729 1369 et
1757 1297 2112 1371 bellorum
2150 1314 2474 1397 tempore

371 1412 565 1485 bona
612 1414 851 1485 Sancti
900 1414 1219 1512 Dionysii
1276 1413 1575 1486 honeste
1628 1430 1699 1486 et
1734 1413 2034 1486 fideliter
2072 1415 2475 1487 conservari

372 1526 699 1614 faciebat,
733 1528 1151 1601 familiarem
1182 1554 1295 1600 me
1320 1528 1676 1621 habebat;
1715 1530 2025 1601 venienti
2053 1530 2295 1619 etiam,
2327 1544 2476 1601 tam

368 1658 653 1740 potenS,
714 1659 863 1716 tam
917 1644 1263 1717 discretus
1312 1644 1768 1737 occurrebat,
1828 1659 1927 1736 et,
1988 1644 2186 1743 quod
2231 1645 2475 1718 multis

368 1783 663 1831 suorum
710 1757 1001 1851 celaret,
1052 1759 1145 1832 de
1195 1760 1707 1833 reformatione
1761 1760 1955 1859 pacis
1995 1761 2249 1859 saepius
2299 1759 2477 1832 mihi

369 1875 759 1975 aperiebat.
784 1876 989 1948 Unde
1010 1876 1294 1969 crebro,
1312 1881 1467 1949 Deo
1481 1877 1891 1966 auxiliante,
1913 1876 2208 1973 contigit
2227 1890 2476 1949 nostro

365 1990 614 2063 labore
645 1990 737 2063 de
762 1992 1004 2064 multis
1030 1994 1297 2087 guerris
1330 2009 1403 2065 et
1442 1992 1808 2091 implicitis
1839 1992 2237 2064 multorum
2264 2016 2478 2063 aemu-

368 2105 607 2179 lorum
636 2106 1225 2179 machinamentis
1258 2132 1427 2179 eum
1470 2107 1562 2180 ad
1592 2106 1866 2180 bonam
1897 2107 2092 2205 pacis
2121 2107 2476 2202 composi-

367 2232 640 2305 tionem
660 2232 1057 2332 pervenire.
1088 2231 1302 2319 Quod
1334 2233 1392 2303 si
1417 2231 1627 2303 nobis
1655 2230 1851 2303 credi
1876 2230 2307 2325 dignaretur,
2331 2254 2477 2302 non

366 2347 833 2419 recordamur
864 2372 1117 2447 pacem
1144 2346 1458 2446 aliquam
1481 2347 1730 2443 viginti
1763 2346 1966 2417 annis
1996 2371 2163 2418 cum
2181 2345 2479 2417 domino

367 2488 531 2560 rege
556 2468 993 2536 Francorum
1027 2488 1197 2535 eum
1228 2463 1497 2553 fecisse,
1533 2463 1651 2534 cui
1685 2460 1990 2533 fideliter
2017 2476 2092 2533 et
2127 2461 2481 2560 praecipue

368 2580 555 2651 inter
580 2604 833 2651 omnes
870 2603 1165 2677 operam
1185 2578 1431 2675 jugem
1466 2592 1537 2650 et
1564 2576 1857 2649 fidelem
1893 2600 2037 2648 non
2065 2574 2478 2647 adhibueri-

366 2718 561 2784 muS,
608 2694 790 2766 sicut
835 2693 951 2765 ille
982 2694 1108 2792 qui
1170 2692 1263 2766 ab
1329 2708 1633 2790 utroque
1681 2691 1977 2763 domino
2025 2690 2470 2764 credebatur.

368 2807 588 2895 Quod
636 2818 708 2879 et
760 2804 995 2879 adhuc
1042 2823 1477 2906 opportune,
1535 2808 1953 2906 importune
1997 2808 2240 2900 etiam,
2295 2808 2477 2880 sicut

370 2922 578 2996 decet
601 2922 939 2995 abbatem
965 2940 1041 2995 et
1077 2923 1545 3014 sacerdotem,
1586 2922 2189 3022 quandocumque
2219 2924 2477 3021 poteri-

366 3064 559 3131 muS,
594 3040 897 3112 libenter
928 3064 1469 3138 prosequemur.

474 3155 677 3227 Unde
731 3156 972 3247 etiam,
1028 3182 1381 3229 memores
1429 3156 1891 3254 antiquorum
1965 3154 2246 3251 gloriosi
2303 3155 2482 3251 regis

372 3272 659 3344 Henrici
718 3270 1260 3363 beneficiorum,
1318 3272 1676 3345 nobilitati
1734 3286 1978 3344 vestrae
2040 3268 2478 3343 consulimus

370 3402 455 3459 ut
499 3402 572 3460 et
625 3412 757 3487 per
797 3390 1065 3461 amicos
1109 3402 1180 3459 et
1228 3413 1356 3487 per
1402 3388 1778 3460 familiares
1826 3412 2148 3459 amorem
2201 3385 2478 3457 domini

374 3505 555 3599 regis
587 3519 659 3577 et
682 3529 958 3603 pacem,
998 3503 1176 3576 dum
1205 3504 1441 3575 adhuc
1477 3503 1897 3577 revocabilis
1932 3514 2061 3589 est,
2108 3498 2282 3570 dum
2321 3522 2481 3569 nec-

373 3617 547 3689 dum
580 3645 748 3690 cum
773 3617 1095 3691 hostibus
1128 3618 1373 3690 vestris
1405 3618 1637 3690 foedus
1673 3619 1864 3707 iniit,
1903 3630 2185 3687 strenue
2219 3623 2291 3681 et
2324 3609 2480 3682 dili-

374 3749 623 3827 genter
674 3759 987 3831 quaerere
1045 3732 1401 3805 laboretis,
1443 3734 1513 3804 Si
1547 3733 1740 3804 enim
1774 3752 2072 3825 regnum
2107 3724 2364 3821 Angliae
2408 3742 2481 3798 et

372 3867 706 3939 gazarum
732 3845 1187 3942 antiquarum
1219 3845 1424 3941 copia
1454 3843 1611 3940 paci
1650 3858 1718 3913 et
1753 3836 2201 3938 prosperitati
2232 3850 2479 3909 vestrae

372 3958 871 4047 succederent,
935 3982 1355 4054 guerrarum
1408 3958 1782 4052 longarum
1841 3953 2162 4051 expensis
2213 3953 2478 4025 infruc-

374 4088 658 4145 tuosam
705 4074 1356 4170 consumptionem,
1419 4088 1788 4171 raptorum
1841 4068 2254 4151 satellitum,
2312 4067 2481 4139 soli-

322 4168 331 4175 *
377 4187 747 4260 dariorum
782 4188 1269 4286 profusionem
1310 4188 1745 4259 infructuose
1779 4186 2174 4279 attingeret.
2229 4188 2482 4257 Pacem

376 4304 541 4375 coeli
576 4318 648 4375 et
677 4318 884 4375 terrae
920 4302 1123 4375 vobis
1153 4303 1625 4401 Omnipotens
1662 4300 1892 4397 largiri
1926 4302 2281 4397 dignetur.
