3275 5317
915 585 1041 642 VIE
1080 584 1179 641 DE
1218 582 1442 643 Loms
1484 584 1577 641 LE
1616 582 1837 643 GROS.
2351 588 2425 645 79

317 716 735 789 carnotensi
765 739 946 814 pago
978 714 1390 807 demolitur,
1426 738 1558 787 nec
1598 718 1752 812 ejus
1791 717 2238 814 praesentiam
2270 718 2428 817 plus

314 831 633 904 absentia
650 886 669 925 ,
708 857 841 903 nec
897 830 1291 904 absentiam
1336 830 1501 931 plus
1547 832 1918 929 praesentia
1956 834 2421 930 appretiatur.

317 952 641 1045 Cumque
702 970 944 1019 comes
994 946 1573 1019 insufficientiam
1640 962 1715 1020 et
1757 948 2090 1019 inertiam
2131 974 2428 1021 suorum

316 1062 758 1155 formidaret,
790 1063 937 1159 regi
982 1062 1289 1135 barones
1326 1086 1493 1133 suos
1542 1063 1897 1159 surripere
1949 1062 2181 1154 callet,
2219 1062 2428 1135 donis

313 1194 389 1249 et
411 1178 774 1275 promissis
804 1203 926 1249 eos
952 1177 1299 1270 alliciens,
1341 1193 1414 1248 et
1450 1176 1892 1249 diversarum
1939 1180 2424 1275 querimonia-

311 1318 475 1365 rum
509 1318 715 1393 spem
742 1294 1239 1383 restitutionis,
1271 1310 1658 1389 antequam
1676 1317 1844 1364 cum
1875 1318 2041 1389 rege
2071 1294 2282 1366 faciat
2305 1286 2430 1392 {ia-

308 1433 470 1483 cem
503 1411 1033 1508 repromittens.
1068 1414 1265 1481 Inter
1289 1434 1471 1505 quos
1498 1409 1956 1481 Lancelinum
2003 1410 2372 1481 Bulensem
2401 1410 2420 1445 ¹

311 1525 583 1597 Domni
614 1524 927 1597 Martini’
953 1524 1361 1614 dominum,
1396 1529 1760 1618 Paganum
1790 1525 1880 1596 de
1906 1528 2147 1597 Monte
2191 1526 2421 1615 Gain‘,

312 1664 627 1737 quorum
664 1657 851 1713 terra
888 1640 1093 1738 quasi
1123 1642 1197 1711 in
1232 1639 1429 1712 bivio
1460 1639 1718 1739 posita,
1757 1664 2092 1713 securum
2117 1641 2426 1736 agitandi

316 1751 664 1823 Patisium
695 1752 1095 1850 porrigeret
1141 1776 1529 1844 accessum,
1564 1749 1958 1847 obligavit⁸.
1992 1757 2135 1824 Hac
2173 1754 2426 1825 eadem

312 1892 523 1939 causa
558 1866 941 1940 Radulfum
980 1867 1070 1939 de
1109 1867 1610 1963 Balgentiaco⁸‚
1646 1892 1812 1938 cum
1849 1868 2228 1964 conjugem
2263 1893 2425 1965 ger-

310 2007 605 2054 manam
637 1998 1009 2079 cognatam
1040 1983 1250 2077 regiS‚
1288 1984 1612 2077 Hugonis
1655 1983 1892 2077 magni
1921 1982 2166 2077 filiam,
2203 1983 2426 2056 habe-

312 2112 451 2186 ret,
480 2097 733 2191 illexit3
756 2115 825 2171 et
852 2099 1026 2171 utile
1044 2123 1471 2197 praeponens
1488 2101 1509 2137 ⁸
1534 2100 1842 2170 honesto
1879 2098 1986 2195 (ut
2004 2102 2422 2198 proverbia-

312 2212 480 2285 liter
545 2214 687 2286 dici
770 2215 973 2306 solet,
1030 2213 1359 2285 stimulus
1432 2239 1654 2285 anum
1732 2214 2136 2311 accelerat),
2200 2215 2428 2322 multa

314 2328 719 2403 stimulatus
759 2332 1137 2419 anxietate,
1174 2328 1495 2400 nobilem
1526 2354 1849 2402 sororem
1881 2327 2131 2427 [suam]
2149 2333 2170 2367 '¹
2208 2330 2432 2401 inees-

312 2458 519 2517 tuoso
551 2446 1020 2517 matrimonio
1052 2442 1300 2515 Miloni
1332 2443 1423 2515 de
1458 2447 1702 2515 Monte
1727 2444 2031 2534 Leherii,
2074 2444 2190 2515 cui
2217 2470 2428 2543 supra

310 2561 871 2633 memoravimus
904 2582 1147 2653 regem
1177 2572 1489 2640 castrum
1508 2556 1930 2647 reddidisse,
1963 2558 2432 2635 irreverenter

312 2675 699 2771 copulavit.
725 2678 887 2760 Quo
905 2674 1093 2744 facto
1112 2688 1182 2743 et
1197 2673 1758 2743 commeantium
1767 2674 2427 2772 interrupitoppor-

314 2791 725 2879 tunitatem,
751 2803 825 2861 et
854 2803 1193 2885 tanquam
1221 2786 1468 2884 inipso
1484 2786 1727 2861 medio
1747 2790 2050 2861 Franciae
2076 2791 2417 2884 conclavi,

310 2905 797 3004 procellarum
832 2918 903 2975 et
930 2928 1343 2999 guerrarum
1368 2902 1630 2977 locavit
1668 2906 2028 3001 antiquam
2069 2906 2424 3005 importu-

310 3023 635 3093 nitatem.
676 3025 761 3091 Et
790 3018 965 3091 dum
1006 3044 1175 3089 cum
1200 3042 1289 3090 eo
1320 3033 1683 3113 cognatoe,
1724 3024 2102 3115 Hugonem
2137 3021 2228 3093 de
2259 3026 2423 3097 Cas-

310 3134 485 3207 tello
508 3134 717 3207 Forti'
734 3136 1288 3224 Creciacensem,
1329 3148 1401 3204 et
1428 3133 1841 3206 Guidonem
1883 3136 1972 3209 de
2001 3140 2200 3235 Rupe
2221 3140 2421 3211 Forti

307 3250 625 3348 surripit,
654 3274 918 3348 pagum
951 3251 1417 3322 Parisiensem
1444 3266 1515 3321 et
1544 3253 2039 3348 Stampensen,
2079 3254 2138 3324 si
2167 3255 2422 3325 militia

306 3390 457 3438 non
515 3366 1015 3465 prohibeatur,
1071 3366 1342 3462 guerris
1394 3366 1708 3463 exponit.
1777 3370 1865 3437 Et
1923 3368 2100 3439 dum
2177 3367 2425 3440 comiti

394 3565 423 3621 ¹
437 3605 454 3622 .
482 3564 647 3622 Nunc
670 3568 845 3621 Bules
870 3561 1075 3643 (Oise).
1096 3566 1247 3620 —2.
1278 3566 1637 3621 Dammam'n
1660 3561 2221 3642 (Seiae-et-Mame).

396 3661 455 3716 3.
488 3662 725 3735 Montge‘
752 3654 1325 3735 (Seine-et-Marne).
1460 3710 1469 3717 .

395 3752 457 3808 4.
486 3753 765 3828 Alligavie
789 3749 919 3809 edd.
955 3750 1157 3809 Germ.
1193 3760 1251 3807 et
1278 3748 1490 3808 chesn.

398 3845 455 3901 5.
480 3845 787 3919 lindulfum
820 3847 895 3901 de
924 3848 1312 3920 Bangente'aco
1349 3844 1566 3901 12710.
1598 3876 1680 3889 -
1713 3840 1822 3900 Hic
1863 3852 1951 3900 est
1980 3840 2322 3923 Rodulphus
2359 3847 2412 3923 1,

306 3935 605 3995 Lancelini
630 3940 685 3994 11
716 3936 890 3996 filius.

298 4052 307 4069 ·
397 4033 454 4090 6.
500 4036 831 4107 Praeponens
860 4030 1015 4089 solus
1054 4032 1269 4103 12710,
1302 4027 1550 4106 itemque
1582 4026 1722 4093 edd.
1766 4029 1972 4090 Chesn.
2011 4048 2078 4089 ac
2118 4028 2415 4090 Benedict.

306 4154 395 4167 -—
422 4126 743 4199 Proponem
768 4136 1017 4200 quatuor
1044 4121 1252 4200 reliqui
1280 4120 1509 4181 codices
1530 4134 1591 4181 et
1610 4121 1752 4181 edit.
1779 4124 1977 4185 Germ.

395 4219 454 4271 Ἰ.
477 4218 651 4273 Suam
676 4216 893 4275 addunt
918 4214 1292 4275 Benedictini.
1323 4219 1411 4273 De
1439 4215 1551 4273 hoc
1580 4214 1974 4287 matrimoniO,
2003 4216 2076 4273 ab
2111 4212 2415 4274 autoritate
2442 4231 2451 4242 ·

303 4307 624 4387 apostolica
648 4308 944 4382 dissolut0‚
973 4310 1107 4369 vide
1138 4312 1240 4369 Art
1266 4308 1338 4367 cle
1365 4310 1531 4383 veris.
1564 4313 1646 4365 les
1675 4311 1862 4381 dates,
1894 4311 1971 4381 11,
2004 4310 2140 4365 697.
