3275 5317
793 593 868 650 eo
1225 590 1549 649 OEnvars
1589 572 2016 647 compares
2057 592 2157 647 DE
2198 590 2466 651 socna.

789 740 962 815 tere,
993 738 1120 795 aut
1161 720 1255 794 de
1285 722 1522 795 fractae
1553 720 1721 794 fidei
1752 720 2047 821 perfidia
2064 737 2313 795 contra
2340 748 2416 797 se
2438 726 2904 823 personaliter

789 838 1213 912 defendere:
1249 868 1285 905 α
1314 842 1485 932 Age,
1532 838 1885 934 inquienS,
1926 840 2076 935 ejus
2123 838 2343 911 debet
2386 842 2903 937 congressionis

793 984 830 1023 «
869 977 1018 1025 esse
1042 976 1278 1051 poena,
1319 952 1520 1049 cujus
1549 953 1702 1024 veri
1742 969 1814 1025 et
1838 954 2153 1026 victoriae
2188 952 2405 1025 debet
2444 979 2594 1027 esse
2637 972 2712 1029 et
2748 956 2901 1053 glo-

795 1100 830 1138 «
866 1070 994 1143 ria.
1029 1099 1064 1139 n
1097 1070 1486 1143 Arbitratus
1517 1071 1735 1143 etiam
1776 1069 1867 1141 de
1914 1070 2077 1143 loco
2109 1069 2454 1168 quicquid
2501 1071 2901 1143 decentius¹

787 1185 1020 1283 potuit
1062 1212 1079 1256 ε
1127 1215 1164 1253 κ
1201 1185 1606 1276 Succedat',
1657 1188 1916 1283 inquit,
1964 1210 2219 1258 eorum
2268 1186 2615 1259 exercitus
2660 1210 2703 1257 a
2746 1188 2903 1286 ripa

795 1332 830 1369 α
864 1301 1199 1394 fluminiS,
1230 1302 1408 1373 dum
1441 1301 1882 1375 transvadari
1910 1303 2292 1400 possimne,
2318 1319 2400 1375 ut
2416 1304 2642 1375 tutior
2672 1306 2776 1377 ei⁸
2801 1305 2903 1377 lo-

795 1447 830 1484 α
863 1442 986 1491 cus
1011 1419 1357 1515 majorem
1389 1416 1649 1490 offerat
1692 1419 2138 1491 securitatem
2166 1448 2186 1511 ;
2226 1418 2376 1509 vel,
2408 1419 2467 1491 si
2500 1420 2725 1515 magis
2758 1419 2905 1517 pla-

791 1561 826 1601 α
861 1549 998 1624 cet,
1055 1532 1440 1606 nobiliores
1479 1533 1699 1605 totius
1744 1534 2093 1605 exercitus
2145 1532 2407 1605 habeat
2454 1534 2904 1630 singulariter

796 1676 833 1713 α
863 1646 1348 1721 concertandi*
1405 1647 1692 1720 obsides
1713 1701 1734 1738 ,
1795 1647 2197 1721 dummodo
2246 1647 2341 1721 ad
2394 1673 2558 1741 n05,
2618 1664 2903 1722 remoto

795 1792 830 1830 α
865 1765 1146 1859 agmine
1182 1778 1455 1853 nostro,
1493 1763 1795 1835 transire
1848 1762 2218 1835 concedat.
2262 1768 2507 1861 Neque
2546 1764 2741 1835 enim
2782 1764 2905 1835 ali-

795 1909 834 1947 «
871 1892 977 1950 ter
1013 1878 1452 1951 transvadari
1494 1879 1781 1977 poterit.
1838 1910 1875 1945 »
1922 1877 2237 1966 Quidam
2278 1902 2477 1969 vero,
2522 1878 2901 1952 ridiculosa

781 1994 1146 2090 jactantia,
1205 2017 1420 2091 super
1468 1994 1844 2090 praefatum
1899 1991 2285 2065 tremulum
2346 2007 2671 2091 pontem,
2736 2020 2903 2067 cum

791 2110 1028 2182 statim
1070 2123 1440 2182 corrueret
1453 2164 1472 2201 ,
1517 2134 1718 2205 reges
1760 2108 2093 2180 dimicare
2128 2108 2640 2181 acclamabant.
2688 2112 2905 2199 Quod

789 2247 912 2295 rex
955 2222 1355 2297 Ludovicus
1390 2238 1539 2295 tam
1573 2224 1855 2297 levitate
1896 2248 2115 2320 quam
2162 2223 2459 2297 audacia
2492 2226 2897 2324 appetebat.

789 2342 930 2411 Rex
962 2364 1133 2412 vero
1181 2338 1575 2435 Anglorum
1628 2339 1862 2435 inquit
1910 2366 1927 2409 ε
1998 2367 2035 2408 α
2104 2342 2264 2410 Non
2330 2354 2437 2411 est
2493 2341 2676 2412 mihi
2730 2342 2905 2416 tibia

800 2484 834 2523 α
863 2458 1038 2527 tanti
1053 2460 1100 2543 ³,
1134 2470 1211 2530 ut
1242 2480 1377 2554 pro
1409 2454 1522 2527 his
1566 2470 1640 2527 et
1666 2453 2078 2551 hujusmodi
2109 2454 2464 2528 famosum
2498 2471 2572 2529 et
2607 2457 2907 2554 perutile

797 2600 832 2637 α
869 2570 1046 2641 mihi
1067 2585 1377 2643 castrum
1401 2594 1923 2669 supervacanee
1960 2570 2311 2645 amittam.
2338 2601 2372 2637 2>
2396 2575 2480 2642 Et
2501 2571 2655 2645 haec
2676 2586 2749 2645 et
2770 2572 2906 2643 alia

798 2686 1042 2757 invect
1055 2684 1491 2757 ivarefutans
1518 2711 1548 2756 :-
1579 2714 1616 2753 «
1654 2688 1839 2757 Cum
1880 2683 2167 2777 videre,
2220 2687 2477 2785 inquit,
2528 2684 2905 2760 dominum

799 2828 834 2863 α
871 2824 1108 2895 regem
1131 2798 1258 2871 ubi
1283 2823 1403 2871 me
1429 2798 1813 2872 defendere
1842 2798 2170 2891 debeam,
2194 2824 2338 2872 non
2364 2801 2640 2891 vitabo;
2668 2832 2704 2870 n
2736 2826 2905 2875 cum

793 2914 1016 3009 quod⁸
1038 2913 1389 2987 offerebat
1438 2915 1579 2987 loci
1612 2916 2041 3012 impotentia
2081 2915 2485 3012 abnegaret.
2530 2922 2695 3005 Quo
2742 2916 2849 2989 rid
2860 2919 2913 2987 i-

790 3030 1036 3103 culoso
1085 3057 1425 3131 responso
1469 3033 1651 3106 moti
1699 3034 1975 3125 Franci,
2018 3048 2354 3134 tanquam
2392 3036 2675 3109 fortuna
2704 3036 2903 3109 loco-

790 3171 950 3219 rum
976 3146 1164 3219 bella
1198 3164 1415 3243 gerat,
1469 3163 1771 3221 currunt
1802 3148 1893 3221 ad
1931 3174 2131 3221 arma
2178 3178 2195 3221 ε
2248 3150 2571 3223 similiter
2624 3167 2699 3223 et
2734 3154 2906 3223 Nor-

791 3262 1058 3332 manni.
1093 3266 1184 3335 Et
1205 3262 1382 3334 dum
1404 3263 1689 3359 utrique
1714 3263 1807 3335 ad
1842 3264 2106 3336 flumen
2127 3266 2548 3360 accelerant,
2576 3267 2901 3339 maximae

791 3376 1034 3471 stragis
1075 3391 1146 3449 et
1190 3376 1606 3450 calamitatis
1665 3374 2204 3473 detrimentum,
2240 3380 2400 3454 -sola
2452 3406 2770 3455 accessus
2794 3407 2907 3454 re-

801 3492 1022 3564 movit
1051 3491 1604 3593 impossibilitas,
1624 3496 1813 3582 Quia
1832 3520 2001 3569 vero
2019 3521 2351 3570 sermone
2373 3496 2569 3569 diem
2589 3497 2909 3571 detinue-

797 3622 995 3699 rant,
1060 3622 1269 3682 nocte
1319 3610 1651 3701 instante,
1702 3610 1807 3684 illi
1854 3612 2279 3704 Gisortium,
2334 3614 2571 3693 nostri,
2608 3613 2907 3687 Calvum

876 3820 934 3878 1.
976 3820 1239 3878 Conscius
1260 3821 1398 3881 133.
1419 3852 1500 3865 ·-
1525 3822 1587 3879 2.
1617 3822 1891 3881 Seccedat
1918 3824 2134 3884 12710.
2166 3856 2245 3869 —
2269 3825 2507 3884 Secedat
2539 3824 2681 3884 133.

878 3913 936 3972 3.
973 3914 1082 3969 Eis
1109 3915 1217 3971 135
1231 3925 1292 3971 et
1313 3913 1447 3975 edd.
1474 3946 1555 3959 -—
1575 3916 1635 3974 4.
1679 3916 2064 3975 Com-mando
2090 3916 2215 3976 sola
2241 3916 2381 3975 edit.
2408 3916 2616 3978 Chesn.
2706 3966 2715 3973 .

879 4006 937 4063 5.
979 4004 1067 4061 lta
1106 4017 1355 4082 quatuor
1393 4010 1596 4081 codd,
1639 4019 1700 4067 et
1736 4007 1870 4070 edd.
1899 4040 1977 4057 -
2002 4013 2133 4070 Non
2173 4024 2278 4088 est,
2316 4017 2529 4088 inquit,
2566 4012 2711 4068 mihi
2748 4010 2909 4069 tabia

795 4101 970 4168 tantt',
1011 4098 1310 4171 mendose,
1345 4102 1564 4161 12710.
1594 4134 1676 4145 —
1695 4106 1823 4163 Non
1849 4114 1956 4174 est,
1990 4106 2193 4179 inquit,
2230 4104 2474 4167 mihim.
2498 4110 2669 4177 tami,
2694 4102 2908 4164 omisso

800 4186 946 4247 tibia
973 4186 1032 4247 in
1050 4196 1228 4249 vacua
1249 4190 1603 4264 membranA,
1626 4197 1650 4252 1
1668 4197 1740 4253 33
1753 4239 1768 4255 .

877 4286 938 4343 6.
968 4286 1138 4360 Quod
1153 4304 1276 4343 cum
1312 4289 1451 4360 ¹33,
1485 4289 1705 4349 12710.
1734 4320 1815 4335 -
1840 4290 1978 4349 cam
2003 4290 2148 4366 quid
2168 4290 2261 4351 ed.
2290 4291 2487 4351 Germ.
