3275 5317
779 584 854 640 38
1203 580 1532 639 OEuvnns
1573 564 2001 639 conrm‘ms
2038 581 2139 639 nn
2178 580 2449 641 succa.

780 715 1068 786 missam
1095 712 1521 810 episcopalia
1557 710 1980 810 deposuerat
2012 712 2490 807 indumenta¹,
2530 738 2699 787 cum
2741 716 2895 788 ino-

778 831 1023 931 pinata
1045 828 1384 925 nequitia,
1425 826 1590 899 ficta
1613 826 1757 899 litis
1790 828 2187 920 occasione,
2230 828 2432 903 furor
2468 832 2895 905 Teutonicus

777 944 1118 1018 frendens
1181 942 1665 1017 debacchatur
1710 970 1729 1014 t
1792 945 2049 1015 exertis
2096 942 2371 1040 gladiis,
2432 946 2627 1018 velut
2699 947 2895 1044 pleni

776 1062 1043 1135 mania¹
1059 1060 1563 1152 discurrentes,
1595 1064 1949 1133 Romanos
1970 1060 2095 1133 tali
2120 1062 2195 1133 in
2213 1062 2378 1133 loco
2400 1063 2563 1159 jure
2586 1063 2899 1137 inermes

778 1176 1305 1274 aggrediuntur,
1337 1174 1649 1248 clamant
1674 1174 2145 1273 jurejurando
2175 1191 2253 1249 ut
2270 1175 2501 1249 clerus
2522 1201 2890 1272 romanus,

779 1319 1029 1367 omnes
1083 1308 1230 1365 tam
1281 1292 1594 1392 episcopi
1648 1316 1869 1389 quam
1908 1291 2301 1365 cardinales
2346 1295 2724 1392 capiantur
2768 1311 2894 1367 aut

780 1407 1228 1482 trucidentur
1263 1436 1280 1479 z
1319 1423 1390 1480 et
1451 1408 1650 1506 quod
1685 1407 1828 1481 ulla
1844 1410 1866 1447 ⁸
1910 1432 2061 1480 non
2110 1423 2346 1507 potest
2392 1409 2735 1505 attingere
2790 1410 2897 1481 in·-

778 1524 995 1616 sania,
1033 1524 1108 1595 in
1130 1523 1512 1596 dominum
1542 1547 1803 1622 papam
1832 1546 2085 1595 manus
2124 1524 2381 1623 impias
2416 1523 2703 1621 injicere
2742 1550 2895 1597 non

776 1657 1136 1715 verentur.
1193 1643 1419 1713 Luctu
1471 1639 1949 1737 inexplicabili
1994 1656 2068 1713 et
2117 1638 2366 1715 dolore
2410 1642 2888 1742 praecordiali,

777 1775 926 1831 tam
979 1755 1314 1830 nobilitas
1383 1780 1681 1829 romana
1744 1779 1965 1854 quam
2030 1758 2181 1854 ipse
2256 1759 2569 1858 populus
2629 1757 2827 1854 luget
2869 1786 2888 1830 z

777 1883 1246 1955 fauctionem⁸
1303 1880 1469 1953 licet
1512 1906 1671 1954 sero
1720 1879 2326 1973 animadvertunt,
2379 1883 2500 1955 alii
2544 1882 2638 1955 ad
2696 1907 2895 1956 arma

777 2014 1104 2089 currunt,
1132 1998 1254 2069 alii
1279 2000 1460 2070 sicut
1482 1995 1751 2096 stupidi
1781 1997 2098 2094 fugiunt3
2137 1999 2664 2098 necinopinato
2718 2000 2893 2073 hos·-

777 2116 959 2186 tium
1003 2112 1223 2203 bello,
1267 2113 1402 2185 nisi
1449 2136 1617 2184 cum
1673 2110 1908 2185 trabes
1964 2112 2055 2185 de
2096 2114 2379 2210 porticu
2422 2114 2891 2212 deponentes,

778 2254 1030 2302 eorum
1057 2230 1338 2301 ruinam
1365 2251 1568 2301 suam
1597 2227 1920 2299 fecerunt
1941 2229 1962 2265 ⁸
2009 2228 2497 2302 defensionem
2516 2282 2536 2319 ,
2592 2230 2895 2304 evadere

775 2359 1187 2444 potuerunt.
1240 2344 1578 2417 Praefatus
1621 2358 1865 2415 autem
1918 2345 2305 2443 imperator
2342 2346 2661 2444 pessimae
2712 2371 2893 2419 con-

779 2462 1086 2533 scientiae
1115 2476 1187 2533 et
1215 2460 1632 2533 facinorosi⁸
1654 2458 1819 2530 facti
1839 2462 2253 2556 perterritus
2277 2463 2621 2555 cruciatu,
2638 2462 2897 2536 urbem

781 2576 1205 2673 quantocius
1281 2574 1535 2668 exivit,
1588 2572 1901 2674 praedam
1961 2600 2002 2647 a
2062 2576 2444 2649 christiano
2499 2578 2895 2651 christianis

780 2690 1200 2781 inauditam,
1232 2691 1608 2764 dominum
1630 2689 1955 2763 videlicet
1984 2716 2247 2791 papam
2282 2709 2355 2765 et
2384 2708 2681 2766 cunctos
2713 2717 2895 2792 quos

777 2808 1014 2906 potuit
1039 2806 1436 2879 cardinales
1455 2821 1525 2878 et
1547 2807 1923 2905 episcopos
1956 2807 2346 2901 adducenS,
2401 2809 2686 2881 civitate
2734 2812 2897 2882 Cas-

779 2922 1097 3013 tellana⁷‚
1132 2923 1294 2996 loco
1316 2938 1570 2995 natura
1603 2938 1677 2995 et
1707 2938 1859 2995 arte
1898 2925 2403 3017 munitissimo,
2452 2950 2525 2999 se
2580 2929 2890 3025 recepit;

780 3036 1173 3109 cardinales
1223 3040 1416 3136 ipsos
1457 3038 1764 3135 turpiter
1792 3063 2057 3111 exuens
2089 3039 2465 3113 inhoneste
2510 3044 2888 3134 tractavit3

864 3264 894 3321 1
907 3306 924 3323 .
963 3264 1304 3321 Indumenta
1357 3261 1612 3342 quinque
1672 3264 1823 3322 codd
1836 3306 1853 3324 .
1924 3282 1991 3322 ac
2033 3262 2173 3324 edit.
2214 3263 2512 3327 Benedict.
2568 3298 2647 3311 -
2697 3270 2892 3327 Veste·-
3010 3244 3017 3249 ’

781 3368 973 3413 menta
998 3358 1116 3416 135
1143 3368 1202 3415 et
1229 3356 1391 3436 reliq.
1415 3356 1550 3417 edd.

863 3450 924 3508 2.
964 3452 1180 3507 Mania
1205 3449 1426 3527 praefati
1451 3450 1705 3530 quinque
1734 3449 1904 3509 codd.
1949 3463 2008 3511 et
2040 3450 2184 3516 edit.
2214 3454 2506 3517 Benedict.
2542 3486 2621 3501 -
2649 3458 2890 3514 Insanta

783 3543 902 3602 135
929 3554 985 3601 et
1011 3540 1180 3620 reliq.
1208 3544 1344 3602 edd.

863 3638 924 3696 3.
971 3640 1048 3694 Et
1069 3638 1224 3711 quod
1241 3640 1392 3695 ultra
1413 3640 1574 3695 nulla
1591 3648 1783 3711 potest
1804 3639 1919 3697 543
1943 3649 2002 3696 ct
2025 3640 2165 3699 133.

863 3735 922 3792 4.
963 3736 1287 3792 Fac-tionem
1332 3736 1472 3795 133.
1509 3769 1590 3779 -
1622 3739 1953 3794 Fautionem
2008 3735 2149 3799 543.
2180 3770 2261 3784 —-
2290 3744 2476 3817 Luget
2524 3742 2894 3815 fauctionem.

781 3826 944 3883 Licet
968 3844 1193 3888 serm...
1227 3830 1363 3887 135.
1393 3830 1480 3887 De
1509 3827 1622 3885 hoc
1645 3840 1881 3901 eventu,
1907 3827 2037 3888 vide
2064 3829 2213 3891 instit
2234 3830 2295 3890 in
2329 3832 2629 3893 Observat.

865 3920 923 3977 5.
967 3922 1232 3979 Fecerint
1276 3923 1416 3981 543.
1445 3954 1528 3969 -—·
1553 3926 1760 3981 Fecere
1804 3925 1918 3981 135
1946 3935 2005 3982 et
2045 3923 2137 3983 ed.
2172 3926 2391 3986 Bened.
2412 3930 2723 3987 -Faeere
2756 3924 2894 3989 edd.

782 4011 981 4070 Germ.
1020 4012 1307 4073 etChesn.

861 4106 921 4165 6.
964 4108 1232 4163 Facimn·
1273 4109 1388 4167 135
1428 4120 1486 4166 et
1525 4106 1665 4169 edit.
1718 4109 1917 4173 Germ.
1947 4142 2029 4157 —
2053 4116 2345 4172 Facinoris
2392 4112 2533 4177 edit.
2582 4114 2789 4175 Choen.
2817 4146 2901 4159 —-

780 4200 1154 4271 Facinoriosi,
1182 4200 1481 4274 mendose,
1509 4200 1651 4260 edit.
1684 4203 1903 4265 Bened.

865 4296 922 4350 Ἰ.
965 4292 1132 4351 Nunc
1161 4292 1318 4350 Citra
1347 4294 1412 4350 di
1437 4297 1703 4365 Cas-tello,
1734 4294 1797 4354 in
1820 4295 2085 4356 Umbria.
