3275 5317
802 600 919 658 206
1233 598 1561 656 oenvans
1606 578 2042 653 compares
2079 594 2181 651 na
2215 592 2488 651 suom.

896 733 1073 801 Item
1108 730 1181 800 in
1215 727 1467 801 eadem
1496 727 1748 821 vitrea,
1767 726 1895 800 ubi
1929 726 2202 799 Pharao
2233 751 2404 799 cum
2434 725 2746 824 equitatu
2771 748 2906 797 suo

798 842 874 917 in
905 868 1103 917 mare
1130 843 1565 941 demergitur
1606 869 1625 915 t

956 1030 1125 1107 Quod
1146 1031 1428 1112 baptisma
1448 1030 1639 1103 bonis,
1671 1030 1782 1089 hoc
1808 1027 2024 1091 militiae
2047 1027 2372 1090 Pharaonis
2386 1070 2403 1103 ,

1035 1130 1242 1186 Forma
1262 1125 1399 1185 facit
1424 1124 1648 1205 similis,
1669 1142 1958 1202 causaque
1975 1121 2289 1183 dissunilis.

896 1306 1081 1375 Item
1092 1303 1167 1375 in
1182 1301 1461 1395 eadem,
1474 1300 1601 1375 ubi
1614 1304 1890 1401 Moyses
1904 1301 2161 1375 exaltat
2175 1312 2585 1399 serpentem
2599 1318 2864 1370 neum
2880 1321 2898 1365 ε

958 1490 1117 1553 Sicut
1139 1504 1432 1572 serpentes
1458 1512 1696 1575 serpens
1721 1506 1892 1554 necat
1917 1512 2106 1555 aeneus
2127 1511 2350 1567 omnes,

957 1584 1053 1647 Sic
1075 1587 1360 1647 exaltatus
1384 1587 1578 1647 hostes
1604 1599 1773 1648 necat
1791 1586 1856 1647 in
1881 1606 2052 1647 cruce
2077 1586 2356 1648 Christus.

902 1762 985 1832 In
1007 1759 1255 1833 eadem
1278 1760 1523 1854 vitrea,
1552 1760 1681 1834 ubi
1706 1764 1982 1859 Moyses
1998 1760 2257 1859 accipit
2270 1759 2502 1855 legem
2515 1762 2590 1832 in
2609 1771 2843 1831 monte
2879 1781 2896 1827 :

958 1982 1111 2056 Lege
1136 1977 1270 2037 data
1300 1974 1513 2054 Moysi,
1540 1974 1710 2057 juvat
1734 1974 1894 2035 illam
1919 1972 2104 2055 gratia
2121 1973 2356 2037 christi.

1044 2070 1247 2132 Gratia
1274 2069 1545 2145 vivificat,
1578 2069 1774 2130 littera
1797 2068 2127 2129 mortificat.

898 2241 1129 2333 Unde,
1152 2244 1323 2342 quia
1352 2244 1594 2340 magni
1625 2258 1954 2316 constant
1991 2240 2300 2314 mirifico
2337 2264 2558 2339 opere
2593 2254 2908 2341 sumptu-

803 2382 945 2458 que
988 2358 1289 2457 profuso
1321 2359 1489 2430 vitri
1522 2358 1783 2449 vestiti,
1817 2374 1890 2431 et
1929 2358 2384 2456 saphirorum
2420 2356 2741 2449 materia,
2786 2356 2910 2427 tui·

806 2473 984 2546 tioni
1041 2488 1113 2546 et
1152 2474 1525 2546 refectioni
1567 2496 1814 2545 earum
1870 2472 2404 2549 ministerialem
2460 2472 2906 2567 magistrum,

806 2588 989 2660 sicut
1035 2588 1251 2661 etiam
1304 2589 1746 2661 ornamentis
1813 2588 2045 2660 aureis
2092 2602 2166 2660 et
2227 2586 2576 2683 argenteis
2615 2585 2912 2685 peritum

806 2703 1248 2777 aurifabrum
1296 2705 1795 2778 constituimus
1811 2758 1831 2795 ‚
1874 2704 2001 2802 qui
2063 2718 2137 2775 et
2183 2701 2598 2802 praebendas
2651 2728 2810 2775 suas
2850 2717 2916 2773 et

810 2820 1009 2917 quod
1040 2822 1140 2893 eis
1170 2845 1385 2919 super
1416 2820 1557 2893 hoc
1588 2820 1823 2892 visum
1855 2833 1986 2913 est,
2010 2818 2344 2892 videlicet
2369 2816 2461 2889 ab
2483 2816 2691 2889 altari
2717 2842 2915 2890 num-

808 2959 969 3008 mos
1012 2952 1077 3008 et
1127 2961 1167 3007 a
1216 2937 1586 3009 communi
1640 2936 1941 3007 fratrum
1975 2932 2240 3008 horreo
2292 2959 2655 3007 annonam
2705 2934 2914 3007 susci-

806 3049 1033 3147 piant,
1058 3067 1131 3124 et
1158 3051 1252 3123 ab
1272 3077 1524 3126 eorum
1541 3050 1992 3150 providentia
2011 3074 2407 3150 numquam
2433 3075 2508 3123 se
2523 3050 2910 3123 absentent.

908 3168 1195 3265 Septem
1225 3192 1514 3267 quoque
1542 3166 2002 3259 candelabra,
2039 3167 2382 3266 quoniam
2409 3190 2496 3238 ea
2515 3192 2677 3265 quae
2697 3172 2914 3239 Karo-

810 3280 924 3352 lus
954 3281 1348 3381 imperator
1360 3284 1575 3357 beato
1606 3284 1952 3382 Dionysio
1981 3282 2384 3356 contulerat
2421 3308 2548 3356 sua
2579 3298 2920 3357 vetustate

810 3394 1145 3497 dissipata
1166 3399 1630 3499 apparebant,
1672 3425 1887 3499 opere
1927 3398 2242 3473 smaltito
2291 3414 2365 3471 et
2399 3398 2672 3497 optime
2711 3398 2918 3471 deau-

811 3528 969 3586 rato
999 3516 1340 3615 componi
1370 3514 1700 3589 fecimus.

910 3634 1089 3703 Vasa
1119 3633 1363 3723 etiam,
1408 3648 1555 3704 tam
1582 3632 1674 3705 de
1706 3656 1883 3705 auro
1905 3656 2128 3731 quam
2173 3630 2511 3730 preciosis
2535 3626 2906 3730 lapidibus,

811 3743 906 3817 ad
946 3748 1339 3819 Dominicae
1361 3771 1625 3821 mensae
1657 3749 2034 3821 servicium
2050 3802 2070 3839 ‚
2109 3762 2365 3846 praeter
2389 3744 2509 3817 illa
2548 3770 2706 3845 quae
2735 3767 2920 3839 reges

814 3864 1253 3933 Francorum
1295 3878 1367 3935 et
1405 3863 1646 3937 devoti
1691 3862 2000 3936 ecclesiae
2037 3862 2310 3934 eidem¹
2341 3860 2582 3933 officio
2623 3860 2914 3959 deputa-

816 3988 1169 4069 taverunt,
1201 3976 1417 4052 beato
1464 3979 1811 4076 Dionysio
1847 3978 2092 4053 debita
2121 3976 2507 4051 devotione
2541 3976 2918 4075 adquisivi-

818 4115 1017 4165 must
1056 4116 1398 4189 magnum
1422 4094 1755 4169 videlicet
1777 4094 2073 4169 calicem
2095 4118 2397 4169 aureum
2409 4093 2670 4194 septies
2681 4088 2917 4189 viginti

903 4328 957 4383 1.
988 4326 1260 4399 Bjmdem
1290 4326 1385 4387 ed.
1420 4324 1629 4387 Chesn.
