3275 5317
1505 281 1632 338 vll-3
1671 282 1772 337 DE
1814 280 2083 341 SUGER.
2725 286 2838 342 397

692 436 943 509 quem
980 434 1066 484 ex
1104 409 1456 484 destinato
1488 408 1743 482 laedere
1781 408 2174 481 videamur.
2212 413 2451 481 Justus
2480 425 2720 483 autem
2759 429 2844 487 ut

689 527 837 601 leo
880 526 1277 617 confidem,
1313 526 1528 623 hujus
1572 526 2122 624 praesumptione
2161 526 2466 621 cognita,
2505 550 2598 597 ne
2642 552 2844 600 com-

692 643 1025 715 missum
1052 641 1187 715 sibi
1228 643 1551 715 turbaret
1586 641 1996 739 imperium,
2035 642 2217 713 sicut
2246 639 2580 712 adversus
2617 644 2871 714 castra

692 757 859 829 Dei
909 757 1361 831 dolositatem
1408 758 1627 830 fertur
1668 757 1978 829 irritasse
2021 759 2460 847 Graecorum,
2511 780 2841 830 commu-

690 872 966 945 nicato
1026 897 1194 945 cum
1249 870 1581 945 fidelibus
1629 872 1832 965 regni
1885 870 2212 961 consili0,
2256 895 2401 942 non
2444 872 2643 968 prius
2690 873 2840 970 ejus

690 984 1103 1060 conatibus
1136 987 1401 1059 destitit
1433 987 1746 1075 obviare,
1785 985 2020 1057 donec
2054 1010 2346 1057 omnem
2381 982 2572 1057 illius
2601 1000 2841 1058 tumo-

690 1126 881 1175 rem
912 1101 1301 1201 prudenter
1328 1102 1774 1200 compressit,
1813 1115 1886 1172 et
1927 1098 2021 1171 ad
2049 1100 2478 1197 condignam
2515 1101 2840 1173 satisfac-

693 1218 1001 1291 tionem
1034 1242 1201 1289 eum
1228 1217 1600 1316 compulit.
1633 1221 1854 1289 Tanta
1894 1214 2256 1287 nimirum·
2287 1216 2438 1313 ejus
2475 1232 2629 1287 erat
2664 1216 2840 1289 fides

690 1348 781 1407 et
828 1347 1026 1405 tanta
1067 1333 1490 1424 constantia,
1530 1346 1613 1404 ut
1649 1357 1786 1431 pro
1825 1330 2119 1404 veritate
2156 1330 2268 1403 vel
2303 1331 2600 1427 justitia,
2636 1332 2694 1403 si
2729 1357 2840 1404 res

688 1448 1064 1543 exigeret,
1088 1463 1398 1522 mortem
1429 1447 1631 1521 laetus
1667 1446 2041 1545 exciperet.
2077 1447 2294 1544 Cujus
2317 1446 2494 1520 dum
2520 1446 2840 1521 animum

688 1588 791 1637 ex
828 1561 1176 1661 operibus
1207 1562 1606 1661 perpendo,
1638 1578 1714 1636 et
1735 1562 2035 1635 salutem
2058 1563 2402 1661 principis
2434 1577 2508 1635 et
2527 1562 2840 1637 reditum

686 1678 897 1751 huic
940 1702 1159 1777 quam
1206 1680 1511 1751 maxime
1560 1677 1980 1750 ascribenda
2037 1676 2491 1751 crediderim.
2549 1682 2726 1751 Nam
2751 1694 2840 1751 -et

685 1818 855 1894 pro
905 1792 1130 1867 salute
1187 1794 1373 1866 illius
1421 1818 1464 1865 a
1513 1792 1706 1867 clero
1755 1793 1871 1865 vel
1913 1792 2187 1891 populo
2227 1793 2838 1889 eleemosynarum

691 1908 876 1983 fieri
946 1907 1349 2005 largitiones
1413 1924 1485 1981 et
1552 1907 1840 1981 crebras
1897 1908 2140 1980 statuit
2193 1908 2506 1980 Letanias
2539 1935 2556 1980 z
2615 1934 2698 1981 ac
2748 1908 2836 1981 de

686 2023 961 2098 reditu
1003 2024 1372 2118 sollicitus,
1419 2038 1566 2096 tam
1609 2023 1902 2122 privatis
1951 2022 2228 2121 scriptis
2276 2047 2493 2121 quam
2537 2022 2832 2121 publicis

686 2139 932 2213 illum
958 2162 1293 2213 revocare
1316 2164 1464 2211 non
1487 2136 1802 2212 cessabat
1827 2168 1846 2232 3
1871 2137 1995 2211 sed
2013 2150 2085 2209 et
2111 2138 2438 2209 omnium
2456 2162 2830 2213 commune

689 2253 1161 2329 desiderium
1190 2254 1558 2327 insinuans
1597 2268 1672 2327 et
1700 2270 1867 2327 vota
1907 2276 2272 2351 suspensa,
2306 2277 2548 2326 moras
2587 2278 2826 2351 argue-

687 2370 839 2445 bat
871 2370 1185 2444 inutiles.

806 2488 1024 2557 Inter
1052 2486 1202 2557 haec
1238 2486 1509 2559 nemini
1548 2484 1815 2559 mirum
1856 2483 2182 2558 videatur
2227 2486 2286 2558 si
2329 2484 2502 2559 huic
2532 2487 2689 2560 viro
2730 2512 2822 2561 ao

686 2600 906 2675 cidit
922 2600 1121 2697 quod
1148 2602 1557 2698 contingere
1574 2600 1786 2675 bonis
1808 2598 2144 2673 omnibus
2162 2602 2557 2675 consuevit.
2585 2606 2818 2695 Nemo²

688 2720 1049 2814 inquam,
1098 2716 1443 2813 miretur,
1468 2718 1529 2789 si
1576 2716 1762 2789 labia
1800 2716 2044 2813 iniqua
2079 2730 2153 2789 et
2193 2716 2514 2812 linguam
2557 2716 2816 2791 delato·

690 2855 891 2907 rum
919 2828 1246 2903 dolosam
1267 2832 1587 2923 incurrit,
1614 2857 1656 2903 a
1691 2830 1954 2929 quibus
1983 2855 2116 2903 nec
2146 2831 2464 2905 Salvator
2501 2833 2814 2907 immuni:

693 2948 879 3021 fuit.
932 2950 1145 3019 Fama
1195 2947 1549 3045 siquidem
1604 2964 2088 3046 percurrente,
2142 2972 2300 3047 quae
2347 2949 2610 3023 cotidie
2641 2966 2712 3022 et
2744 2948 2812 3022 d«

694 3062 937 3139 bonis
971 3060 1156 3135 mala
1212 3079 1287 3135 et
1320 3062 1411 3135 de
1442 3063 1647 3135 malis
1673 3060 1864 3136 bona
1899 3088 2024 3135 sua
2058 3064 2426 3137 facilitate¹
2459 3064 2804 3159 confingit

697 3176 1053 3279 quaedam
1089 3176 1179 3251 de
1220 3178 1344 3251 illo
1373 3179 1581 3273 regiis
1614 3194 1936 3276 suggesta
1981 3196 2146 3255 sunt
2180 3179 2499 3270 auribus,
2527 3203 2686 3276 quae
2717 3202 2806 3249 re-

698 3297 813 3391 gis
880 3295 1209 3367 animum
1260 3294 1656 3394 simplicem
1718 3314 1792 3367 et
1845 3294 2146 3369 aliorum
2192 3294 2487 3365 affectus
2561 3316 2646 3365 ex
2700 3316 2804 3365 su«

696 3410 1138 3484 metientem
1198 3411 1703 3509 aliquantisper
1745 3409 2243 3482 turbaverunt:
2271 3406 2410 3479 Sed
2451 3431 2618 3480 cnm
2661 3406 2802 3483 fide

699 3527 924 3616 lium,
977 3541 1051 3599 et
1084 3526 1297 3625 hujus
1321 3526 1583 3599 scilicet
1628 3540 1701 3597 et
1739 3524 2048 3596 aliorum
2085 3523 2440 3595 orationes
2472 3524 2621 3621 regi
2669 3548 2798 3624 pro

700 3666 1012 3742 sperum
1060 3640 1535 3717 obtinuissent
1572 3640 1884 3715 reditum
1901 3692 1926 3735 ,
1978 3657 2052 3713 et
2097 3635 2200 3711 illi
2235 3642 2534 3712 Romam
2577 3663 2796 3739 appro

791 3922 857 3981 1.
888 3920 1197 3983 Faeuc'tate
1216 3918 1350 3980 cod.
1382 3940 1521 3994 ms„
1551 3930 1611 3979 et
1635 3914 1770 3979 edd.
1798 3916 1982 3979 Felib.
2011 3938 2078 3979 ac
2101 3914 2234 3979 bar.
2259 3916 2334 3979 de
2349 3914 2583 3980 Altotio.
2614 3948 2694 3965 -·
2715 3920 2790 3979 Fe

707 4020 965 4092 licitare,
994 4017 1170 4095 male,
1192 4016 1437 4094 Bened„
1466 4016 1569 4097 qui
1588 4016 1652 4077 in
1673 4014 1934 4095 margine
1959 4026 2292 4097 supponunt
2312 4016 2659 4093 fallacitate.
