3275 5317
616 522 760 581 sun
797 521 937 579 sou
978 505 1612 581 Aunimmnou
1652 520 2087 581 Annam.
2291 522 2400 581 191

294 669 411 729 ter
468 652 955 746 roboraverat,
995 652 1181 725 inter
1254 651 1576 725 Ecclesiae
1643 668 1716 725 et
1775 652 1972 747 regni
2048 651 2408 752 principes

296 764 709 838 solemniter
733 765 1115 856 locaverat,
1152 764 1244 836 ad
1278 764 1768 837 executionem
1798 763 2036 861 operis
2057 764 2408 862 nosipsos

294 880 759 973 contulimus,
789 895 859 952 et
896 903 1143 952 cruces
1163 878 1599 953 collaterales
1625 878 1936 951 ecclesiae
1966 876 2059 949 ad
2097 878 2409 951 formam

290 997 553 1096 prioris
602 1010 673 1067 et
721 996 1136 1094 posterioris
1196 995 1435 1094 operis
1502 992 1980 1093 conjungendi
2040 992 2272 1067 attolli
2337 1008 2409 1066 et

292 1110 735 1185 accumulari
756 1109 1297 1185 decertavimus.

506 1372 762 1443 XXIX.
801 1374 912 1441 De
939 1370 1461 1441 continuatione
1506 1362 1870 1467 utrimque
1901 1369 2157 1465 oper-125.

390 1573 555 1662 Quo
586 1572 805 1664 facto,
833 1597 1003 1645 cum
1024 1570 1505 1671 quorumdam
1538 1570 1991 1671 persuasione
2023 1569 2116 1642 ad
2145 1568 2404 1642 turrim

289 1690 669 1763 anterioris
696 1691 917 1789 partis
944 1690 1518 1787 prosecutionem
1534 1686 1854 1761 studium
1875 1702 2204 1761 nostrum
2229 1710 2403 1758 con·-

224 1808 235 1815 ’
289 1804 720 1900 tulissemuS,
754 1806 901 1903 jam
942 1806 1017 1876 iu
1059 1806 1278 1879 altera
1307 1820 1507 1906 parte
1534 1820 1846 1905 peracta,
1907 1802 2174 1896 divina,
2225 1802 2404 1874 sicut

287 1922 673 2014 credimuS‚
707 1921 1031 1993 voluntas
1063 1922 1154 1994 ad
1184 1920 1325 1993 hoc
1348 1922 1584 2021 ipsum
1613 1946 1750 1994 nos
1789 1920 2106 2013 retraxit,
2144 1932 2223 1990 ut
2253 1940 2402 1988 me-

292 2034 497 2107 diam
536 2036 837 2109 ecclesiae
872 2037 1361 2110 testitudinem
1380 2092 1401 2129 ,
1448 2062 1668 2135 quam
1696 2037 1944 2110 dicunt
1973 2036 2244 2126 navim,
2277 2033 2392 2103 in-

290 2176 564 2225 novare
612 2168 684 2225 et
725 2154 1007 2251 utrique
1039 2154 1381 2227 innovato
1406 2155 1608 2253 operi
1639 2153 2088 2226 conformare
2117 2161 2190 2222 et
2211 2170 2400 2220 coae-

290 2292 515 2366 quare
537 2268 1083 2366 aggrederemur
1126 2298 1145 2341 t
1176 2284 1531 2343 reservata
1560 2284 1802 2341 tamen
1828 2281 2403 2365 quantacumque

284 2386 617 2485 portione
648 2386 743 2459 de
773 2384 1164 2485 parietibus
1185 2386 1521 2482 antiquis,
1556 2382 1818 2483 quibus
1851 2406 2173 2455 summus
2217 2403 2408 2479 pon--

284 2500 457 2573 tifex
489 2502 843 2575 Dominus
888 2504 1087 2574 Jesus
1118 2500 1438 2573 Christus
1488 2500 1898 2572 testimonio
1941 2498 2402 2595 antiquorum

280 2618 719 2715 scriptorum
770 2640 1067 2688 manum
1096 2629 1547 2715 apposuerat,
1583 2630 1662 2687 ut
1697 2630 1772 2688 et
1799 2615 2104 2711 antiquae
2149 2634 2400 2685 conse-

282 2733 626 2804 crationis
655 2722 1073 2824 reverentia,
1113 2746 1182 2804 et
1213 2731 1565 2806 moderno
1607 2732 1810 2832 operi
1843 2732 2042 2829 juxta
2075 2744 2399 2802 tenorem

278 2861 609 2945 coeptum
635 2871 949 2943 congrua
982 2848 1407 2921 cohaerentia
1433 2862 1856 2921 servaretur.
1889 2848 2106 2945 Cujus
2133 2846 2396 2917 immu—

282 2964 579 3036 tationis
625 2990 906 3038 summa
936 2964 1087 3037 haec
1122 2966 1285 3056 fuit,
1314 2964 1540 3063 quod,
1580 2965 1640 3036 si
1671 2963 2089 3062 interpolate
2121 2963 2194 3035 in
2226 2960 2396 3033 navi

276 3080 595 3153 ecclesiae
626 3082 999 3154 occasione
1042 3081 1349 3153 turrium
1381 3095 1734 3176 ageretur,
1778 3093 1900 3152 aut
1949 3075 2394 3179 temporibus

276 3194 547 3270 nostris
572 3211 699 3268 aut
728 3220 1221 3269 successorum
1252 3210 1696 3288 nostrorum,
1749 3193 2014 3267 tardius
2048 3209 2175 3267 aut
2205 3221 2395 3267 nun-

280 3334 499 3409 quam
546 3337 1005 3411 quocumque
1056 3312 1480 3404 infortunio,
1547 3312 1730 3384 sicut
1777 3308 2202 3411 dispositum
2257 3327 2402 3407 est,

280 3426 768 3525 perficeretur.
820 3428 1033 3501 Nulla
1078 3428 1273 3501 enim
1333 3452 1581 3501 rerum
1610 3428 2114 3527 importunitas
2147 3449 2392 3498 rerum

282 3556 611 3615 auctores
646 3558 955 3641 urgeret,
1011 3543 1185 3641 quin
1219 3544 1387 3616 novi
1418 3558 1491 3617 et
1533 3544 1810 3641 antiqui
1847 3542 2085 3641 operis
2136 3538 2391 3635 copula

283 3656 575 3753 longam
604 3660 979 3731 sustineret
1016 3660 1604 3756 expectationem.
1640 3657 1783 3731 Sed
1811 3657 2144 3754 quiajam
2178 3654 2394 3727 incoe·

280 3788 493 3872 ptum
531 3789 636 3846 est
672 3776 746 3847 in
779 3773 1051 3847 alarum
1084 3775 1519 3865 extensione,
1576 3789 1702 3846 aut
1740 3796 1868 3871 per
1919 3794 2052 3841 nos
2105 3783 2232 3841 aut
2260 3794 2391 3868 per

281 3912 467 3985 quos
513 3892 864 3985 Dominus
908 3890 1225 3986 elegerit,
1282 3892 1439 3990 ipso
1489 3888 1896 3979 auxiliante,
1946 3884 2381 3985 perficietur.

280 4006 816 4079 Praeteritorum
834 4006 1027 4079 enim
1044 4004 1447 4079 recordatio
1465 4004 1877 4077 futurorum
1894 4016 2000 4075 est
2012 4001 2384 4105 exhibitio.

279 4126 425 4213 Qui
456 4126 648 4198 enim
694 4127 881 4199 inter
934 4126 1073 4199 alia
1102 4124 1372 4223 majora
1408 4123 1621 4196 etiam
1660 4119 2244 4194 admirandarum
2279 4118 2388 4189 vi-

278 4255 593 4313 treamm
623 4244 987 4339 operarios
993 4296 1013 4331 ,
1042 4240 1411 4313 materiem
1442 4238 1897 4337 saphirorum
1923 4234 2382 4333 locupletem,
