3275 5317
940 552 1053 609 228
1374 546 1709 605 osuvmzs
1751 526 2177 601 covaETEs
2218 544 2318 599 m:
2362 544 2626 601 susan.

940 680 1245 771 rimulis,
1284 681 1425 749 sive
1458 674 1879 764 materialis,
1927 675 2182 745 crescit
2223 676 2298 743 in
2339 674 2681 771 templum
2726 693 3034 747 sanctum

936 822 1011 868 ιη
1042 793 1401 866 Domin0¹.
1424 796 1507 864 In
1536 815 1684 888 quo
1711 804 1784 862 et
1797 814 1930 861 nos
1965 804 2238 886 quanto
2261 788 2498 881 altiuS,
2521 806 2797 888 quanto
2827 794 3039 890 aptius

935 908 1393 984 materialiter
1440 906 1790 981 aedilicare
1835 906 2203 995 instamuS‚
2260 920 2464 977 tanto
2507 931 2635 1003 per
2685 932 2822 978 nos
2865 908 3036 1005 ipsos

934 1026 1393 1126 spiritualiter
1426 1022 1844 1096 coaedificari
1879 1023 1953 1094 in
1983 1019 2474 1093 habitaculum
2504 1020 2636 1092 Dei
2674 1022 2754 1093 in
2783 1023 3038 1119 Spiritu

934 1158 1177 1215 sancto
1204 1141 1617 1215 edocemur.

1028 1264 1301 1331 Interea
1318 1254 1672 1352 siquidem
1693 1252 2140 1351 potissimum
2167 1250 2258 1323 de
2282 1250 2748 1324 dominorum
2779 1268 3040 1325 nostro-

930 1396 1095 1445 rum
1156 1369 1760 1442 sanotissimorum
1814 1369 2206 1463 Martyrum
2256 1378 2329 1436 et
2394 1365 2702 1437 aliorum
2771 1382 3038 1439 sancto-

930 1513 1089 1561 rum
1114 1542 1133 1579 ,
1195 1488 1321 1584 qui
1380 1510 1507 1584 per
1566 1481 1936 1555 ecclesiam
1993 1481 2216 1580 sparsi
2280 1480 2578 1553 diversis
2631 1481 3042 1555 colebantur

932 1602 1291 1693 oratoriis,
1348 1592 1812 1671 translatione
1877 1595 2184 1686 solliciti,
2253 1596 2757 1667 sacratissimas
2801 1622 3040 1669 eorum

930 1717 1237 1806 lecticaS,
1299 1716 1658 1814 praecipue
1713 1712 2178 1785 dominorum
2201 1765 2219 1801 ,
2277 1726 2613 1783 ornatum
2666 1712 2758 1783 iri
2817 1714 3040 1785 votive

926 1832 1467 1917 animabamur3
1506 1843 1574 1900 et
1618 1828 1746 1899 ubi
1777 1826 2152 1924 gloriosius
2205 1825 2754 1898 adventantium
2791 1826 3042 1899 obtuti-

928 1946 1065 2020 bus
1116 1963 1188 2019 et
1233 1942 1784 2042 conspicabilius
1829 1940 2388 2015 transferrentur
2433 1941 2775 2036 eligentes
2793 1996 2814 2033 ‚
2875 1945 3040 2015 auri·

928 2061 1295 2134 fabrorum
1337 2058 1639 2155 eleganti
1665 2059 1814 2130 sive
1858 2055 2028 2127 artis
2066 2053 2440 2147 industria,
2485 2056 2630 2128 sive
2662 2058 2824 2129 auri
2857 2083 3036 2154 gem-

924 2199 1352 2273 marumque
1414 2175 1897 2271 pretiosarum
1941 2172 2150 2268 copia
2198 2169 2585 2243 illustrem²
2632 2171 2850 2245 valde
2904 2174 3034 2245 fieri

924 2296 1078 2364 Deo
1111 2304 1544 2389 cooperante
1572 2287 2119 2361 elaboravimus.
2171 2289 2260 2359 Et
2294 2285 2554 2367 deforis
2597 2288 2903 2385 quidem
2941 2290 3034 2361 his

922 2422 995 2479 et
1023 2405 1441 2512 hujusmodi
1480 2429 1615 2502 pro
1662 2416 1918 2476 ornatu
1949 2400 2300 2495 nobilem,
2315 2425 2452 2500 pro
2471 2417 2632 2475 tuto
2661 2427 2840 2476 vero
2861 2405 3034 2475 intus

792 2524 797 2535 ’
918 2520 1473 2593 fortissimorum
1511 2517 1835 2617 lapidum
1881 2541 2094 2589 muro
2137 2541 2286 2589 non
2325 2516 2720 2613 ignobilem
2749 2520 3034 2591 circum-

920 2661 1207 2735 quaque
1247 2635 1559 2723 muniri;
1599 2646 1794 2705 extra
1829 2656 1999 2705 vero
2049 2647 2368 2722 econtra,
2407 2658 2498 2703 ne
2542 2632 2877 2731 lapidum
2909 2661 3032 2706 ma·

917 2753 1099 2824 teria
1160 2750 1663 2850 apparentium
1738 2748 1937 2821 locus
1989 2748 2386 2840 vilesceret,
2449 2750 2734 2847 cupreis
2789 2750 3028 2823 tabulis

920 2864 1248 2936 fusilibus
1280 2879 1352 2936 et
1384 2862 1738 2934 deauratis
1769 2859 2121 2955 decorari,
2155 2888 2304 2935 non
2340 2876 2575 2935 tamen
2617 2865 2808 2937 sicut
2839 2865 3027 2939 dece-

921 2997 1067 3071 ret,
1132 2980 1710 3079 praeparavimus.
1773 2978 2004 3073 Exigit
2067 2980 2264 3049 enim
2329 2994 2694 3052 tantorum
2759 2998 3029 3081 patrum

922 3110 1211 3193 experta
1244 3094 1452 3167 nobis
1492 3109 1562 3166 et
1607 3092 1948 3166 omnibus
1986 3092 2541 3189 magnificentia,
2599 3112 2678 3169 ut
2734 3125 3030 3198 quorum

919 3209 1307 3282 venerandi
1328 3209 1613 3307 spiritus
1635 3212 1788 3281 Deo
1815 3211 2294 3309 omnipotenti
2325 3214 2509 3285 sicut
2542 3214 2650 3285 sol
2701 3214 3033 3312 fulgentes

920 3325 1287 3416 assistunt,
1320 3350 1453 3396 nos
1480 3324 1892 3417 miserrimi,
1921 3327 2046 3422 qui
2077 3352 2332 3398 eorum
2356 3330 2760 3427 patrocinia
2793 3347 2865 3403 et
2889 3356 3034 3405 sen·

916 3441 1137 3511 timus
1156 3456 1227 3511 et
1257 3440 1685 3535 indigemuS,
1714 3441 2221 3513 sacratissimos
2257 3442 2532 3515 cineres
2583 3468 2842 3518 eorum
2881 3472 3030 3546 pre·

921 3556 1191 3628 tiosiori
1223 3580 1361 3651 qua
1396 3580 1770 3653 possemus
1804 3557 2124 3647 materia,
2155 3557 2487 3630 videlicet
2527 3584 2710 3633 auro
2759 3561 3023 3651 obrizo,

911 3668 1423 3765 jacinthorum,
1463 3684 1534 3741 et
1557 3670 2114 3765 smaragdinum,
2140 3686 2213 3744 et
2243 3672 2548 3747 aliarum
2595 3700 3028 3772 gemmarum

919 3786 1125 3881 copia
1152 3808 1379 3883 operae
1405 3786 1718 3883 pretium
1745 3785 2004 3883 liquet⁸
2030 3787 2320 3886 operiri.
2357 3792 2513 3862 Hoc
2543 3806 2793 3864 autem
2813 3818 3030 3865 unum

920 3900 1197 3995 egregie
1222 3881 1374 3972 fieri
1399 3900 1768 3997 elegimus,
1792 3916 1874 3972 ut
1894 3916 2057 3974 ante
2079 3928 2386 4003 corpora
2408 3906 2841 3981 Sanctorum
2867 3908 3028 3983 cele-

999 4150 1059 4207 1.
1090 4147 1252 4207 Pauli
1284 4162 1473 4229 apost.
1503 4148 1579 4209 ad
1605 4150 1843 4231 Ephes„
1871 4170 1936 4225 ιι,
1975 4156 2069 4212 ¹9.
2097 4185 2176 4201 —
2208 4159 2269 4215 2.
2307 4152 2526 4236 Supple
2547 4176 2714 4215 aram
2747 4154 3026 4234 (Βακὰ).

1002 4244 1060 4302 3.
1090 4242 1259 4302 Forte
1276 4246 1447 4301 liceat
1472 4242 1562 4305 vel
1577 4244 1754 4303 libeat
1785 4246 2078 4327 (Bened.).
