3275 5317
962 544 1088 599 vm
1127 542 1225 599 DE
1266 542 1491 601 Loms
1530 545 1624 601 LE
1667 544 1883 602 GROS.
2361 548 2474 605 109

368 703 518 749 non
562 675 695 749 sub
736 674 982 747 modio
1019 681 1073 767 ¹,
1115 678 1238 750 sed
1271 676 1715 777 superposita
1750 677 2002 766 monti,
2038 675 2229 748 clare
2248 678 2480 751 eluce-

368 792 499 865 bat
528 792 716 865 beati
735 792 913 865 Petri
942 791 1259 885 ecclesia,
1298 808 1368 867 et
1385 791 1689 889 reliqua·
1706 790 1904 863 urbis
1921 804 1992 861 et
2015 804 2212 862 extra
2227 795 2480 865 amissa

368 922 891 1004 recuperanteS,
931 908 1107 979 tanti
1146 906 1422 980 domini
1470 904 1867 1001 gratissimo
1901 903 2324 978 fruebantur
2354 932 2478 1006 pa·

374 1022 697 1095 trocinio.
754 1021 885 1093 Cui
914 1045 1081 1093 cum
1132 1023 1206 1093 in
1251 1020 1520 1121 Apulia,
1560 1020 1754 1119 apud
1808 1020 2166 1094 civitatem
2227 1027 2484 1096 Boton-

374 1153 530 1210 tum
569 1138 615 1227 ⁸,
666 1136 919 1209 missus
948 1162 991 1209 a
1030 1135 1329 1210 domino
1379 1160 1543 1233 rege
1590 1134 1957 1209 Ludovico
2007 1161 2141 1234 pro
2183 1138 2480 1235 quibus-

368 1253 537 1325 dam
572 1252 774 1348 regni
807 1254 1134 1347 negotiiS,
1164 1254 1658 1342 occurrissem,
1710 1252 1820 1325 vir
1847 1252 2301 1350 apostolicus,
2331 1270 2479 1328 tam

370 1394 503 1467 pro
537 1367 814 1440 domini
844 1368 1029 1463 regis
1059 1392 1275 1467 quam
1302 1393 1436 1467 pro
1466 1367 1878 1439 monasterii
1899 1369 2128 1441 nostri
2160 1393 2481 1443 reveren-

371 1485 494 1567 tia,
527 1480 926 1554 honorifice
971 1508 1103 1554 nos
1135 1483 1428 1581 recepit,
1472 1497 1543 1554 et
1580 1482 1852 1555 diutius
1901 1483 2203 1554 retinere
2235 1484 2474 1576 vellet,

370 1598 426 1668 si
479 1596 787 1669 ecclesiae
820 1611 1073 1668 nostrae.
1111 1620 1356 1667 amore
1389 1612 1458 1668 et
1488 1596 1855 1668 sociorum
1879 1650 1898 1686 ,
1936 1594 2212 1668 abbatis
2243 1601 2479 1672 Sancti

372 1712 739 1801 Germani,
788 1710 960 1783 socii
1008 1725 1081 1781 et
1112 1712 1527 1801 connutriti,
1572 1726 1645 1782 et
1689 1710 1994 1781 aliorum
2029 1714 2479 1809 persuasione

368 1851 519 1897 non
551 1826 1065 1899 devocat-emur
1093 1827 1135 1897 ⁸.

472 1941 774 2012 Peractis
825 1940 1063 2037 itaque
1114 1942 1312 2037 regni
1364 1965 1525 2039 quae
1570 1966 2106 2040 susceperamus
2149 1944 2474 2039 negotiis,

374 2082 543 2131 cum
574 2081 905 2155 prospere
944 2056 1175 2129 redire
1220 2072 1770 2148 maturaremus,
1812 2073 1889 2129 ut
1938 2059 2480 2156 peregrinorum

374 2197 534 2243 mos
576 2187 705 2264 est,
756 2172 1067 2271 hospitio
1108 2173 1413 2270 suscepti
1460 2172 1774 2269 quadam
1821 2172 2011 2261 villa,
2061 2196 2233 2245 cum
2265 2172 2482 2244 finitis

372 2289 765 2379 matutiniS,
808 2312 1143 2359 auroram
1175 2287 1646 2384 expectandO,
1684 2286 2018 2357 vestitum
2050 2286 2122 2357 in
2155 2286 2338 2359 lecto
2364 2312 2482 2359 me

368 2401 842 2475 reddidissem
871 2457 889 2493 ,
946 2400 1419 2497 semivigilans
1496 2401 1750 2472 videor
1845 2400 2086 2472 videre
2151 2425 2264 2472 me
2339 2400 2482 2473 alto

367 2517 583 2591 maris
608 2518 866 2615 spati0,
896 2518 1147 2611 exiguo
1179 2514 1421 2587 lembo
1448 2515 1684 2587 solum
1716 2516 1916 2587 omni
1945 2515 2242 2611 remigio
2265 2512 2478 2587 desti-

371 2648 611 2703 tutum
642 2632 908 2727 vagari,
944 2631 1299 2729 frequenti
1332 2629 1679 2702 fluctuum
1715 2645 1948 2718 motu,
1985 2630 2209 2705 modo
2239 2658 2482 2704 ascen-

376 2745 619 2818 dendo
643 2802 661 2838 ,
734 2747 958 2819 modo
1020 2745 1521 2819 descendendo
1546 2802 1565 2839 ,
1625 2748 2024 2846 periculose
2091 2748 2432 2822 fluctuare
2456 2803 2477 2840 ,

370 2886 794 2961 percussum
815 2861 1112 2934 horrido
1138 2861 1480 2959 naufragii
1512 2862 1799 2954 timore,
1841 2864 2246 2937 Divinitatis
2276 2889 2484 2939 aures

374 2976 605 3049 multo
632 2976 946 3048 clamore
983 2976 1362 3050 sollicitare
1397 3002 1413 3047 τ
1454 3001 1623 3049 cum
1658 2975 1925 3071 subim,
1963 2978 2202 3052 divina
2232 2982 2477 3081 propi-

374 3092 694 3185 tiatione,
715 3092 893 3165 lenis
916 3108 989 3164 et
1017 3092 1289 3191 placida
1314 3117 1516 3185 aura,
1552 3108 1894 3192 tanquam
1927 3094 2106 3167 sudo
2135 3121 2298 3170 aere
2327 3124 2480 3171 sus-

372 3209 606 3301 citata,
644 3207 1021 3281 tremulam
1052 3223 1125 3280 et
1158 3209 1307 3306 jam
1329 3209 1351 3245 ⁸
1400 3208 1924 3307 periclitantem
1957 3212 2230 3285 miserae
2271 3214 2473 3285 navi-

372 3321 548 3393 culae
580 3345 874 3419 proram
913 3321 985 3391 in
1021 3321 1372 3392 directum
1412 3336 1860 3420 retorquens,
1897 3323 2235 3421 opinione
2275 3325 2482 3398 citius

455 3512 515 3569 1.
552 3510 776 3581 Medio,
803 3509 1133 3588 perperam,
1167 3506 1303 3567 edd.
1346 3508 1547 3570 Germ.
1584 3528 1654 3568 ac
1691 3508 1900 3571 Chesn.
1943 3507 2205 3569 Meminit
2241 3504 2336 3567 hic
2377 3510 2484 3570 Su·

373 3600 567 3681 getius
586 3601 845 3662 Matthaei
870 3606 1116 3682 Evang„
1140 3620 1203 3682 v,
1233 3606 1334 3679 14,
1368 3606 1468 3663 15.

454 3698 518 3759 2.
556 3694 649 3756 Sic
694 3696 972 3755 editiones
1012 3696 1215 3756 Germ.
1254 3707 1312 3755 et
1379 3694 1673 3759 Benediet.
1705 3728 1788 3745 -
1819 3700 2064 3775 Rele‘quae
2117 3694 2176 3755 in
2217 3696 2480 3759 omnibus

376 3787 546 3849 codd.
580 3786 789 3847 nostris
816 3806 885 3847 ac
904 3788 966 3846 in
989 3787 1127 3847 edit.
1160 3788 1373 3851 Chesn.

451 3885 511 3942 3.
540 3885 823 3941 Bitontum
849 3880 1151 3960 legendum
1181 3895 1417 3943 censent
1452 3884 1749 3946 Benedict-

455 3976 515 4036 4.
538 3978 709 4033 Anno
738 3977 884 4033 1121
916 3974 1120 4034 missus
1144 3986 1230 4034 est
1252 3974 1525 4054 Sugerius
1545 3976 1619 4036 ad
1646 3996 1856 4058 papam
1888 3976 2172 4038 calixtum
2195 3996 2326 4037 cum
2359 3980 2480 4038 Hu-

376 4086 549 4146 gone,
570 4068 777 4128 abbate
800 4067 993 4129 Sancti
1020 4066 1293 4129 Germani
1324 4071 1359 4127 a
1378 4071 1585 4131 Pratis.

456 4164 514 4219 5.
542 4160 637 4222 Sic
660 4158 834 4223 codd.
860 4179 1057 4221 omnes
1083 4180 1153 4220 ac
1177 4160 1319 4223 edit.
1346 4162 1644 4227 Benedict.
1673 4196 1753 4212 —
1777 4166 1852 4223 Et
1873 4178 1996 4221 tam
2013 4165 2152 4231 edit.
2177 4168 2376 4225 Germ.
2400 4192 2483 4209 —

379 4257 615 4313 [tritam
636 4254 780 4317 edit.
810 4254 1019 4317 Chesn.
