3275 5317
916 604 993 659 78
1376 598 1704 657 OEuvans
1747 580 2169 657 comrm'rms
2213 600 2316 659 DE
2357 598 2622 658 susan.

914 734 1071 805 vitae
1101 756 1251 803 non
1274 733 1668 805 timuerunt
1701 759 1718 804 ε
1751 732 1895 823 alii,
1931 733 2194 831 seipsos
2217 747 2514 830 pontem
2546 731 3018 831 praeripiendo

814 944 833 955 .
915 848 1290 936 calcante-S,
1344 870 1542 918 arma
1575 847 1930 944 rejiciunt,
1967 862 2038 919 et
2069 846 2395 919 hostibus
2423 847 2560 918 sibi
2593 846 3010 937 hostiliores»,

916 958 1093 1029 dum
1136 957 1421 1030 insimul
1465 984 1716 1032 omnes
1753 960 2037 1049 volunt,
2084 960 2196 1030 vix
2231 984 2417 1030 unus
2451 974 2751 1056 pontem
2781 960 3014 1055 ingre-

916 1075 1131 1148 ditur.
1177 1078 1511 1171 Dumque
1544 1074 2027 1147 tumultuosus
2059 1077 2077 1112 ¹
2101 1098 2222 1146 eos
2267 1072 2646 1147 confundit
2679 1074 3010 1171 impetus»,

914 1204 1182 1287 quanto
1204 1190 1560 1282 festinant,
1595 1205 1796 1261 tanto
1811 1190 2050 1287 plures
2065 1190 2558 1279 demorantur,
2581 1205 2646 1261 et
2661 1190 2742 1261 fit
2761 1189 3013 1261 exinde

916 1320 996 1377 ut
1027 1322 1098 1377 et
1128 1306 1340 1404 primi
1380 1305 1748 1377 novissimi
1782 1321 1852 1377 et
1884 1306 2252 1378 novissimi
2303 1306 2479 1377 fiant
2503 1306 2722 1403 primi
2749 1309 2798 1377 ².
2831 1306 3012 1393 Quia

912 1436 1151 1493 tamen
1170 1422 1405 1519 pontis
1431 1422 1788 1517 ingressus
1815 1421 2081 1495 fossato
2105 1422 2547 1518 cingebatur,
2570 1420 2898 1519 praesidio
2922 1421 3018 1491 eis

914 1552 1105 1629 erat;
1134 1538 1303 1634 quia
1330 1538 1507 1632 regii
1536 1537 1857 1634 quirites,
1893 1538 2028 1609 nisi
2069 1562 2253 1609 unus
2279 1553 2440 1635 post
2475 1538 2723 1629 alium,
2760 1562 2880 1609 eos
2913 1537 3016 1607 in-

911 1653 1110 1750 sequi
1141 1678 1287 1723 non
1318 1651 1674 1747 valebant,
1705 1678 1839 1725 nec
1872 1655 1971 1725 sic
2003 1654 2232 1725 etiam-
2259 1655 2410 1727 sine
2447 1678 2706 1750 magno
2739 1659 2846 1725 sui
2885 1652 3016 1725 dis-

915 1766 1205 1865 pendi0‚
1228 1793 1395 1838 cum
1424 1767 1631 1839 multi
1653 1769 2072 1859 niterentur,
2107 1771 2314 1868 pauci
2343 1785 2636 1867 pontem
2665 1769 3014 1868 prendere

914 1897 1265 1980 poterant.
1304 1883 1445 1970 Qui
1472 1899 1714 1955 autem
1745 1909 2201 1981 quocumque
2221 1885 2440 1957 modo
2483 1885 2870 1976 intrabant,
2905 1909 3016 1955 sa}

911 1998 1071 2095 pius
1114 2013 1235 2068 aut
1262 2023 1557 2071 suorum
1603 2014 1727 2071 aut
1769 2016 2182 2073 nostrorum
2218 2001 2426 2073 turba
2473 2000 2778 2089 turbata,
2835 2001 3012 2071 invi-

906 2113 967 2185 ti
991 2116 1012 2151 ⁸
1030 2138 1215 2209 genu
1250 2113 1656 2207 flectebant,
1690 2134 1762 2188 et
1791 2118 2180 2190 resilientes
2217 2116 2392 2189 alios
2417 2116 2610 2187 idem
2639 2116 2875 2188 facere
2901 2140 3012 2186 co-

910 2227 1195 2323 gebant.
1247 2233 1608 2301 Insecutus
1658 2246 1898 2303 autem
1956 2256 2078 2303 eos
2133 2255 2252 2303 rex
2312 2256 2480 2303 cum
2544 2232 2714 2317 suiS‚
2791 2230 3012 2303 multa

911 2359 1137 2440 strage
1152 2343 1471 2441 urgebat,
1494 2371 1678 2441 quos
1703 2346 2125 2419 offendebat
2161 2347 2599 2438 conterebat,
2625 2371 2810 2443 quos
2845 2372 3011 2419 oon·

910 2460 1211 2553 terebat,
1259 2477 1405 2533 tam
1447 2461 1662 2556 gladii
1703 2463 2165 2561 impressione
2195 2487 2413 2561 quam
2449 2462 2814 2535 fortissimi
2853 2464 3011 2559 equi

908 2574 1363 2673 impulsione,
1409 2580 1737 2649 Maternae
1757 2576 1976 2649 fluvio
2003 2578 2502 2674 ingurgitabat.
2548 2582 2813 2650 Verum
2837 2579 3010 2649 sicut

796 2695 813 2724 '
911 2692 1217 2763 inermes
1245 2692 1527 2764 levitate
1562 2686 1998 2765 fluctuabant
2025 2698 2160 2784 sui,
2180 2694 2281 2765 sic
2309 2708 2375 2765 et
2399 2693 2671 2767 loricati
2698 2692 3010 2792 pondere

911 2830 1043 2877 suo
1114 2832 1358 2902 graves
1410 2807 1629 2878 semel
1679 2808 1924 2890 mersi,
1971 2824 2136 2880 ante
2181 2809 2438 2880 trinam
2490 2806 3008 2881 demersionem

910 2921 1257 2993 comitum
1275 2920 1610 3017 suffragio
1626 2922 2111 3011 retrahuntur,
2131 2922 2742 3022 rebaptizatorum
2759 2948 3014 3023 oppro-

911 3032 1178 3128 brium,
1213 3036 1273 3107 si
1302 3035 1459 3107 talis
1487 3052 1668 3109 esset
1695 3039 2000 3130 occasi0,
2038 3038 2447 3111 referentes,

1008 3150 1133 3221 His
1158 3165 1398 3223 autem
1424 3166 1492 3223 et
1517 3151 1931 3248 hujusmodi
1957 3178 2082 3225 rex
2106 3155 2444 3225 comitem
2466 3156 2838 3250 angarians
2859 3179 3014 3227 mo—

916 3263 1157 3357 lestiiS,
1193 3279 1415 3339 terras
1454 3268 1603 3363 ejus
1651 3268 1777 3339 ubi
1817 3268 1974 3340 ubi*
2029 3284 2174 3341 tam
2228 3270 2300 3341 in
2345 3270 2614 3341 Briensi
2675 3295 2898 3368 quam
2941 3271 3012 3340 in

990 3472 1051 3528 1.
1088 3470 1468 3525 'tumeatuosos
1488 3473 1639 3543 135,
1666 3481 1726 3528 et
1751 3468 1885 3528 edd.
1914 3470 2112 3529 Germ.
2148 3490 2216 3529 ac
2243 3470 2456 3531 Chesn.

988 3562 1049 3617 2.
1088 3559 1182 3617 Sic
1220 3559 1394 3618 codd.
1426 3565 1564 3635 543,
1604 3564 1785 3634 5925,
1825 3564 2001 3637 6265,
2051 3567 2271 3635 12710,
2313 3576 2488 3641 atque
2525 3564 2667 3626 edit.
2717 3566 3012 3625 Benedict.

911 3653 1073 3709 Hanc
1132 3653 1500 3731 sequentibus
1542 3655 1845 3713 lectionem
1866 3702 1883 3730 ,
1935 3656 2137 3734 utpote
2203 3654 2412 3735 majori
2457 3656 2722 3717 codicum
2766 3678 3012 3718 numero

912 3743 1367 3824 comprobatam,
1414 3760 1474 3806 et
1530 3746 1736 3806 rectius
1780 3746 1973 3806 ordini
2016 3748 2320 3808 verborum
2363 3751 2655 3827 Evangelii
2699 3753 3014 3811 secundum

910 3836 1239 3897 Matthaeum
1278 3838 1433 3917 (cap.
1478 3860 1641 3911 xxtx,
1679 3842 1784 3914 30)
1809 3850 2278 3912 consentaneam,
2331 3842 2654 3902 censuimus
2687 3854 3016 3921 anteponent

912 3930 1068 3991 dam.
1094 3964 1176 3976 —
1206 3938 1283 3994 Ue
1310 3939 1591 3991 novissimi
1626 3946 1684 3990 et
1713 3939 1927 4008 primi,
1959 3948 2013 3991 et
2047 3940 2331 3992 novissimi
2368 3938 2514 4011 fiant
2545 3944 2725 4013 primi
2756 3942 2896 3999 ¹135.
2941 3970 3016 3983 --

916 4028 997 4085 Ut
1019 4030 1300 4085 nouissimi
1318 4032 1521 4100 primi,
1552 4040 1608 4083 et
1624 4031 1805 4102 primi
1830 4028 1974 4101 fiant
1995 4034 2280 4086 novissimi
2303 4027 2470 4107 reliq.
2497 4029 2634 4091 edd.

992 4120 1054 4177 3.
1087 4123 1309 4195 Ιηνίοεί,
1334 4120 1662 4199 perperam,
1690 4122 1906 4178 12710.

992 4212 1054 4269 4.
1106 4212 1189 4268 lta
1228 4209 1395 4271 codd.
1445 4214 1583 4283 543,
1622 4213 1802 4283 6265,
1845 4224 2017 4291 atque
2059 4212 2155 4275 ed.
2197 4214 2488 4277 Benedict.
2527 4248 2605 4263 -
2647 4216 2761 4280 Ubi
2805 4214 3016 4298 reliqui

912 4298 1084 4361 codd.
1112 4314 1170 4363 et
1194 4304 1327 4363 edd.
