3275 5317
661 626 808 685 SUR
846 625 989 686 soN
1029 624 1664 683 Anmmsmnon
1703 624 2136 686 ABBATIALE.
2339 624 2454 684 187

341 776 493 835 tam
536 760 612 832 in
652 757 966 859 oepitulo
1012 772 1259 830 nostro
1303 780 1523 855 quam
1569 758 1648 829 in
1679 756 1972 829 ecclesia
1997 756 2255 830 divinae
2285 782 2456 859 sup-

338 877 613 976 plicans
638 874 907 976 pietati,
941 888 1023 946 ut
1047 874 1173 972 qui
1203 873 1487 946 initium
1518 888 1623 945 est
1663 886 1735 945 et
1765 870 1952 963 finis,
1992 870 2069 944 id
2101 886 2207 945 est
2231 872 2460 973 Alpha

339 1008 414 1065 et
444 997 742 1087 Omega,
771 989 972 1063 bono
1004 988 1210 1062 initio
1224 988 1503 1062 bonum
1532 988 1754 1061 finem
1783 988 1982 1061 salvo
2013 988 2257 1061 medio
2289 1014 2460 1063 con-

340 1108 738 1206 copularet,
776 1130 871 1178 ne
918 1105 1155 1177 virum
1202 1106 1624 1201 sanguinum
1683 1103 1774 1176 ab
1806 1103 2141 1179 ·aedificio
2206 1106 2460 1206 templi

340 1224 711 1315 refutaret,
738 1223 862 1320 qui
880 1222 1025 1294 hoc
1056 1222 1293 1320 ipsum
1320 1237 1477 1295 toto
1508 1222 1754 1293 animo
1771 1223 1996 1318 magis
2014 1247 2234 1320 quam
2267 1226 2459 1296 Con-

340 1337 1000 1437 stantinopolitanas
1056 1360 1257 1432 gazas
1306 1336 1631 1409 obtinere
1694 1352 2147 1437 praeoptaret.
2207 1342 2456 1411 Acces-

340 1456 565 1527 simus
596 1454 811 1549 igitur
840 1451 934 1525 ad
957 1452 1276 1552 priorem
1300 1450 1666 1525 valvarum
1697 1453 2107 1545 introitum3
2140 1468 2213 1526 et
2242 1453 2462 1553 depo-

341 1586 591 1643 nentes
638 1582 1107 1665 augmentum
1143 1566 1541 1667 quoddam,
1587 1567 1784 1666 quod
1826 1592 1868 1640 a
1903 1568 2170 1641 Karolo
2201 1573 2456 1665 Magno

338 1688 611 1760 sactum
671 1685 1187 1785 perhibebatur
1250 1684 1550 1758 honesta
1603 1688 1772 1759 satis
1831 1688 2201 1759 occasione
2258 1687 2458 1785 (quia

340 1820 547 1903 pater
593 1828 761 1876 suus
804 1803 1094 1901 Pipinus
1127 1803 1525 1901 imperator
1556 1818 1754 1876 extra
1786 1803 1860 1875 in
1892 1804 2192 1876 introitu
2226 1803 2458 1878 valva-

340 1944 504 1991 rum
536 1943 673 2017 pro
690 1917 995 2017 peccatis
1018 1919 1238 2016 patris
1264 1918 1375 1989 sui
1411 1918 1652 1991 Karoli
1691 1918 1990 1991 Martelli
2021 1930 2457 2017 prostratum

346 2060 421 2107 se
457 2033 763 2132 sepeliri,
792 2059 939 2106 non
972 2034 1335 2132 supinum,
1368 2033 1688 2132 fecerat),
1709 2034 1985 2108 ibidem
2010 2060 2307 2107 manum
2337 2059 2460 2133 ap-

344 2150 740 2248 posuimuS,
786 2164 858 2221 et
906 2148 1520 2246 quemadmodum
1568 2166 1890 2250 apparet,
1941 2166 2012 2223 et
2047 2152 2122 2223 in
2154 2149 2458 2249 amplifi·-

342 2267 623 2339 catione
676 2266 998 2367 corporis
1056 2264 1365 2339 ecclesiae
1389 2320 1409 2358 ,
1462 2280 1533 2339 et
1591 2269 1925 2341 introitus
1977 2282 2050 2340 et
2095 2266 2459 2339 valvarum

343 2382 841 2481 triplicatione,
895 2382 1205 2453 turrium
1252 2380 1561 2454 altarum
1619 2398 1694 2456 et
1742 2382 2206 2455 honestarum
2275 2406 2461 2455 erec·

344 2496 564 2592 tione,
600 2500 951 2570 instanter
980 2495 1507 2569 desudavimus.

936 2728 1155 2799 XXVI
1164 2782 1179 2797 .
1232 2732 1336 2798 De
1362 2724 1820 2799 dedicatione.

442 2930 864 3003 Oratorium
920 2932 1145 3005 sancti
1182 2932 1509 3025 Romani,
1555 2932 1650 3006 ad
1727 2930 2218 3005 famulandum
2304 2937 2458 3005 Deo

340 3046 747 3143 sanctisque
780 3045 931 3145 ejus
965 3046 1255 3143 angeliS,
1287 3045 1606 3121 dedicari
1635 3072 1681 3121 a
1710 3048 2105 3122 venerabili
2137 3049 2290 3121 viro
2330 3052 2460 3122 Ro-

340 3162 791 3255 thomagensi
833 3162 1365 3263 archiepiscopo
1408 3168 1711 3260 Hugone
1760 3178 1832 3236 et
1879 3165 2032 3236 aliis
2075 3164 2459 3263 quamplu-

340 3276 546 3349 rimis
572 3277 919 3376 episcopis
946 3276 1418 3351 obtinuimus.
1439 3281 1581 3367 Qui
1596 3279 1800 3352 locus
1821 3304 2040 3379 quam
2069 3280 2452 3371 secretalis,

338 3416 560 3489 quam
594 3392 922 3483 devotuS,
946 3417 1165 3490 quam
1190 3392 1448 3465 habilis
1477 3393 1716 3467 divina
1746 3394 2301 3481 celebrantibus,
2332 3394 2458 3490 qui

340 3506 616 3579 ibidem
652 3511 807 3579 Deo
838 3508 1273 3601 deserviunt,
1312 3533 1395 3580 ac
1427 3510 1484 3579 si
1508 3509 1757 3605 jamin
1799 3526 1998 3608 parte
2030 3510 2209 3581 dum
2238 3508 2455 3579 sacri-

342 3619 561 3695 ficant
593 3647 847 3695 eorum
873 3624 947 3695 in
978 3622 1177 3696 coelis
1196 3624 1287 3696 sit
1311 3624 1688 3717 habitatio,
1721 3638 2150 3721 cognorunt.
2186 3621 2456 3695 Eadem

338 3736 559 3808 etiam
592 3736 1061 3810 dedicationis
1091 3737 1527 3831 celebritate,
1578 3742 1651 3811 in
1686 3738 2002 3811 inferiori
2043 3737 2455 3811 testitudine

338 3850 651 3923 ecclesiae
694 3850 1021 3924 dedicata
1064 3867 1232 3924 sunt
1262 3852 1435 3927 hinc
1480 3869 1551 3926 et
1581 3853 1752 3925 inde
1799 3852 1948 3924 duo
1987 3852 2325 3943 oratoria,
2369 3878 2454 3925 ex

338 3988 485 4036 una
536 3981 737 4064 parte
782 3970 1005 4040 sancti
1041 3968 1413 4067 Hippoliti¹
1474 3970 1980 4064 sociorumque
2029 3967 2203 4063 ejuS,
2244 3982 2316 4041 et
2369 3992 2456 4040 ex

338 4078 559 4151 altera
603 4083 828 4153 sancti
878 4082 1173 4174 Nicolai,
1224 4108 1267 4155 a
1316 4082 1842 4157 venerabilibus
1896 4083 2066 4155 viris
2131 4086 2451 4156 Manasse

426 4348 453 4403 1
471 4388 485 4408 .
530 4348 743 4421 Ypolitt‘
762 4346 896 4406 cod.
922 4366 1033 4408 ms.
