3275 5317
884 526 999 583 386
1318 524 1646 583 OEUsts
1685 510 2114 583 COMPOETES
2153 526 2252 581 ms
2291 524 2562 582 suem.

882 658 1161 731 Addam
1190 658 1385 729 enim
1416 657 1906 747 libentissime,
1945 680 2033 729 eo
2065 656 2268 753 quod
2301 657 2393 729 ab
2425 657 2615 729 illius
2649 658 2964 727 memoria

879 771 1269 844 difficulter
1312 770 1618 856 avellam
1677 786 1758 842 ut
1799 787 1872 843 et
1902 771 2030 869 qui
2079 795 2231 843 non
2281 787 2572 860 norunt,
2617 787 2874 861 totum,
2917 771 2966 841 si

882 888 1037 959 fieri
1080 888 1330 985 possit,
1370 912 1538 960 eum
1584 902 1996 983 agnoscant,
2045 902 2116 957 et
2157 886 2286 983 qui
2339 900 2612 957 norunt
2648 910 2964 981 recogno-

876 1018 1101 1077 soent.
1145 1004 1311 1076 Scio
1358 1004 1552 1075 enim
1590 1002 2142 1101 quamplurimis
2173 1002 2522 1101 quicquid
2549 1004 2626 1074 in
2665 1004 2816 1099 ejus
2840 1003 2966 1075 lau·

878 1119 1047 1190 dem
1095 1134 1541 1217 temptavero
1598 1116 1755 1190 fore
1813 1119 2321 1213 gratissimum.
2371 1122 2530 1189 Non
2581 1117 2786 1215 quod
2843 1118 2972 1213 ejus

878 1258 1096 1332 opera
1128 1235 1457 1307 universa
1486 1249 1558 1306 et
1584 1233 1879 1306 virtutes
1901 1234 2207 1329 egregias
2239 1234 2418 1305 scire
2440 1232 2833 1330 pomam,
2865 1232 2971 1303 sed

880 1376 973 1423 ne
1008 1350 1303 1423 illorum
1335 1350 1630 1447 quidem
1666 1348 1944 1446 aliquis,
1983 1350 2106 1447 qui
2137 1364 2303 1421 ante
2335 1373 2446 1419 me
2474 1347 2696 1442 longo
2721 1348 2825 1419 illi
2863 1348 2968 1419 ad-

882 1462 1240 1534 haeserunt
1282 1475 1631 1559 tempore,
1657 1486 1696 1532 e
1728 1458 1992 1556 quibus
2017 1460 2234 1531 hodie
2262 1458 2594 1530 videntur
2628 1484 2970 1557 superesse

879 1578 1314 1677 paucissimi.
1369 1584 1403 1649 J
1408 1601 1527 1649 am
1577 1576 1846 1675 quippe
1889 1575 1992 1647 illi
2042 1576 2238 1648 canis
2289 1591 2506 1674 caput
2551 1574 2962 1666 albescebat,

879 1692 1172 1791 quando
1224 1716 1343 1764 me
1394 1690 1833 1763 celsitudinis
1875 1714 2018 1763 suae
2067 1690 2394 1786 dignatus
2433 1707 2542 1761 est
2593 1693 2963 1763 consul-tic.

878 1808 1149 1898 Quidni
1182 1810 1480 1903 gratiam
1515 1808 1619 1879 illi
1669 1832 1805 1905 pro
1845 1831 2052 1906 posse
2095 1806 2444 1879 referam?
2483 1808 2758 1895 Quidni
2795 1822 2968 1879 tanto

878 1924 1031 2021 ejus
1057 1924 1337 1995 nomini
1364 1946 1648 2021 semper
1673 1922 2086 2017 assurgam?
2119 1923 2256 2010 Qui
2287 1922 2660 1994 hominem
2679 1924 2970 2020 peregri-

876 2064 1085 2130 num,
1124 2038 1477 2111 advenam
1512 2052 1585 2109 et
1622 2062 1916 2142 prorsus
1961 2038 2332 2133 indignum
2379 2062 2508 2109 suo
2548 2036 2967 2111 familiariter

877 2154 1165 2227 admisit
1209 2154 1716 2243 contuberni0‚
1763 2168 1834 2226 et
1882 2178 2144 2225 mensae
2185 2154 2592 2251 frequenter
2629 2154 2960 2227 adhibuit.

876 2269 1082 2342 Unde
1104 2270 1271 2343 satis
1296 2270 1766 2343 animadverti
1790 2270 2023 2359 datur,
2046 2267 2243 2365 quod
2266 2294 2484 2367 penes
2517 2268 2724 2341 illum
2755 2295 2976 2369 aooep-

878 2384 979 2455 tio
1004 2409 1477 2483 personarum
1506 2410 1656 2457 non
1678 2385 1918 2457 fuerit.

974 2502 1115 2587 Qui
1160 2501 1273 2572 vir
1312 2501 1682 2595 gloriosuS,
1721 2501 2064 2598 quoniam
2100 2525 2234 2598 pro
2277 2498 2585 2597 puhlicis
2631 2500 2750 2574 vel
2793 2502 2967 2597 regni

876 2615 988 2687 vel
1016 2615 1340 2688 Ecclesiae
1367 2616 1790 2689 utilitatibus
1831 2616 2267 2688 monasterio
2303 2616 2750 2713 frequentius
2783 2642 2970 2713 coge-

876 2730 1090 2802 batur
1148 2730 1417 2821 abesse,
1463 2730 1551 2802 de
1591 2728 1929 2803 fratribus
1967 2732 2437 2803 constituerat
2481 2732 2674 2803 viros
2722 2733 2970 2830 proba·

876 2858 991 2917 tos
1021 2861 1093 2917 et
1125 2846 1278 2918 zelo
1310 2846 1555 2919 divino
1588 2870 1989 2935 succensos,
2035 2846 2161 2943 qui
2197 2847 2272 2917 in
2307 2869 2516 2941 grege
2543 2844 2688 2917 sibi
2718 2846 2976 2920 credito

879 2960 1207 3033 doctrina
1263 2976 1335 3032 et
1393 2960 1733 3059 exemplis
1785 2962 2020 3035 vicem
2067 2960 2484 3059 supplerent
2526 2962 2864 3037 absentis.
2905 2970 2980 3037 ln

877 3074 1141 3172 quibus
1158 3075 1674 3173 promovendis
1699 3100 1848 3147 non
1873 3100 2094 3171 genus
2116 3077 2451 3174 respexit,
2473 3102 2624 3151 non
2647 3081 2975 3177 patriam3

879 3189 1006 3261 sed
1062 3216 1375 3287 quorum
1424 3192 1645 3262 vitam
1683 3191 2136 3289 probaverat,
2180 3191 2317 3264 hos
2352 3209 2426 3265 et
2467 3196 2852 3291 promovit.
2903 3193 2981 3267 Id

880 3328 967 3376 ex
998 3329 1085 3376 eo
1113 3303 1275 3377 licet
1308 3304 1777 3409 perpendere,
1799 3306 1998 3403 quod
2029 3310 2413 3400 Herveum,
2439 3334 2715 3405 magnae
2747 3311 2986 3383 sancti·

883 3421 1044 3493 tatis
1058 3435 1130 3492 et
1146 3421 1341 3493 mirae
1361 3422 1832 3523 simplicitatis
1843 3422 2104 3513 virum,
2132 3422 2295 3494 licet
2313 3426 2550 3497 minus
2569 3424 2982 3513 litteratum,

878 3536 1180 3609 fratrum
1226 3552 1458 3609 tamen
1504 3537 2036 3633 congregationi
2079 3538 2417 3636 praefecit,
2463 3564 2612 3611 non
2667 3540 2988 3638 ignorans

882 3654 1085 3748 quod
1130 3653 1423 3725 scientia
1458 3654 1713 3751 saepius
1741 3652 1966 3743 inflat,
2002 3652 2308 3725 charitas
2343 3679 2624 3752 semper
2657 3656 2982 3729 aedificat.

977 3768 1139 3839 Sive
1169 3768 1368 3841 domi
1402 3784 1577 3860 erat,
1610 3792 1736 3840 seu
1771 3768 1970 3859 foriS,
2010 3768 2284 3842 videres
2328 3771 2422 3842 ad
2447 3796 2616 3843 eum
2647 3774 2988 3870 cujusque

879 3882 1154 3955 ordinis
1195 3898 1268 3955 et
1306 3882 1662 3981 religionis
1706 3882 1954 3956 turbas
1996 3885 2403 3978 convolare,
2459 3910 2500 3957 e
2547 3887 2819 3983 quibus
2873 3888 2988 3960 alii

880 3996 1177 4097 quidem
1206 4022 1625 4097 corporum,
1650 3998 1770 4070 alii
1800 4023 1972 4071 vero
2000 4000 2400 4073 animarum
2427 4000 2725 4099 aliquod
2744 4028 2984 4103 repor-

884 4112 1129 4187 tabant
1153 4114 1579 4188 subsidium.
1605 4114 1852 4187 Nullus
1878 4114 1971 4187 ab
1999 4142 2086 4189 eo
2111 4133 2430 4212 maestus,
2459 4118 2702 4193 nullus
2727 4146 2986 4194 vacuus

880 4230 1285 4305 recedebat.
1345 4236 1579 4320 Quam
1630 4232 1868 4327 largus
1935 4233 2011 4305 in
2073 4260 2446 4334 pauperes,
2507 4237 2700 4311 circa
2771 4263 2987 4340 aegros
