3275 5317
884 544 997 602 174
1314 540 1658 638 OEuvass.
1682 524 2112 601 comru'rms
2152 542 2252 599 nn
2288 542 2550 603 suem.

876 698 919 745 a
947 673 1155 745 nobis
1175 672 1366 747 idem
1404 672 1752 745 Berardus
1786 688 2126 771 tanquam
2151 673 2376 746 homo
2398 688 2646 745 noster
2671 674 2747 746 in
2779 673 2978 747 feodo

882 788 1202 884 haberet,
1228 788 1731 863 conduximus.

1278 1022 1465 1091 xlv.
1504 1024 1611 1090 De
1632 1018 1885 1091 Feins¹
1915 1034 1992 1090 et
2023 1022 2098 1089 V
2088 1017 2584 1091 endrovillare.

978 1223 1209 1296 Aliam
1266 1223 1480 1295 etiam
1530 1222 2081 1322 possessionem,
2136 1248 2292 1321 quae
2347 1223 2618 1296 dicitur
2671 1225 2868 1297 Feins
2917 1242 2981 1299 et

885 1337 1449 1431 Vendrovillare,
1492 1364 1663 1412 cum
1697 1339 1851 1411 aliis
1881 1339 2404 1437 pertinentibus
2453 1338 2669 1433 villis,
2706 1365 2751 1412 a
2793 1342 2984 1413 Gale-

878 1474 1107 1523 ranno
1153 1448 1245 1523 de
1288 1451 1598 1524 Bretoilo
1651 1467 1722 1524 et
1765 1476 1987 1529 uxore
2045 1450 2196 1548 ejus
2243 1454 2281 1521 J
2286 1448 2536 1524 uditha
2581 1466 2655 1523 et
2703 1468 2980 1524 strenuo

877 1568 1037 1639 viro
1070 1565 1221 1639 filio
1262 1567 1416 1663 ejus
1452 1565 1797 1657 Ebrard0,
1833 1567 1962 1665 qui
1990 1568 2066 1639 in
2100 1564 2549 1666 expeditione
2581 1566 2977 1663 Hierosoly-

878 1683 1146 1754 mitana
1176 1681 1545 1774 occubuit,
1580 1682 1811 1755 multo
1841 1696 2135 1781 sumptu
2162 1680 2312 1753 fere
2336 1697 2624 1755 centum
2645 1684 2980 1780 quinqua-

880 1798 1073 1893 ginta
1102 1821 1511 1870 marcarum
1536 1799 1811 1893 argenti
1830 1813 2345 1897 comparatam,
2383 1798 2530 1870 sive
2563 1800 2974 1883 restitutam,

824 1977 849 2003 0
883 1910 1285 2009 (dicebatur
1336 1912 1601 2011 quippe
1647 1912 1847 2009 quod
1891 1912 2082 1985 beati
2131 1914 2453 2009 Dionysii
2481 1914 2782 2012 antiquo
2809 1928 2972 1986 tem·

878 2049 1053 2124 pore
1090 2053 1177 2099 ex
1218 2026 1414 2101 dono
1456 2027 1760 2101 Huberti
1805 2027 1896 2100 de
1925 2024 2190 2102 Sancto
2223 2029 2554 2101 Galarico
2590 2031 2968 2125 extiterat),

882 2140 1348 2241 eleemosynae
1382 2143 1573 2215 beati
1612 2144 1938 2243 Dionysii
1985 2141 2460 2236 contulimus3
2507 2161 2874 2244 sperantes
2901 2146 2978 2218 de

878 2258 1011 2328 Dei
1044 2258 1560 2351 misericordia,
1598 2259 1800 2358 quod
1829 2283 1914 2332 ea
1957 2260 2393 2359 pauperibus
2437 2261 2786 2335 attributa
2820 2261 2978 2335 elee-

877 2397 1177 2471 mosyna
1251 2373 1507 2447 divinae
1564 2373 2056 2448 retributionis
2083 2388 2088 2395 ‘
2114 2374 2550 2449 beneficium
2609 2378 2824 2451 nobis
2897 2376 2976 2449 ab

882 2488 1363 2588 omnipotenti
1421 2494 1574 2562 Deo
1641 2489 2199 2562 misericorditer
2279 2490 2720 2590 impetrabit.
2809 2494 2980 2565 Dixit

883 2606 1077 2677 enim
1114 2605 1315 2703 quod
1357 2607 1542 2679 sicut
1585 2632 1773 2705 aqua
1823 2606 2165 2702 extinguit
2207 2606 2469 2701 ignem,
2529 2608 2627 2680 ita
2682 2608 2974 2681 eleemo-

880 2744 1052 2817 syna
1083 2722 1425 2817 extinguit
1455 2738 1852 2821 peccatum.
1889 2726 1978 2795 Et
1997 2738 2078 2795 ut
2105 2724 2177 2795 in
2211 2722 2728 2821 sempiternum
2754 2750 2977 2799 neces·

880 2834 1203 2907 sitatibus
1228 2862 1628 2937 pauperum
1661 2838 1935 2911 firmius
1977 2837 2358 2929 deserviat,
2400 2855 2760 2938 praecepto
2816 2841 2977 2937 regis

883 2949 1280 3061 i2udovici¹,
1310 2954 1508 3051 quod
1539 2954 1615 3025 in
1652 2953 1959 3028 archivis
1987 2952 2294 3053 publicis
2329 2956 2726 3054 repositum
2767 2956 2980 3031 conti·

882 3080 1117 3157 netur,
1148 3066 1417 3140 firmari
1451 3069 1776 3144 fecimus.

1618 3300 1768 3370 XV.
1814 3303 1922 3369 De
1961 3297 2183 3371 Belna
2211 3300 2256 3369 ⁸.

978 3506 1161 3576 Sane
1206 3503 1391 3575 inter
1419 3497 1587 3575 alias
1631 3527 1777 3574 una
1824 3500 1916 3575 de
1970 3503 2386 3577 melioribus
2423 3503 2618 3576 beati
2671 3502 2984 3602 Dionysii

883 3612 1444 3716 possessionibus
1476 3619 1550 3689 in
1578 3641 1764 3716 pago
1813 3620 2263 3692 Guastinensi
2299 3619 2521 3692 Belna
2565 3619 2978 3707 dinoscitur,

883 3756 1040 3829 quae
1064 3734 1277 3807 etiam
1305 3735 1611 3831 spatiosa
1645 3734 1794 3807 fere
1825 3749 2135 3832 quatuor
2168 3735 2536 3831 leugarum
2565 3736 2823 3835 spati0,
2857 3736 2984 3807 sru-

886 3849 1109 3921 menti
1150 3865 1226 3922 et
1266 3849 1415 3922 vini
1463 3849 1830 3949 opulentia
1869 3849 2088 3943 ferax,
2132 3875 2755 3951 quorumcumque
2805 3853 2980 3925 fruc-

962 4064 993 4121 1
1007 4101 1024 4120 .
1066 4064 1597 4121 Faim-en-Dunois·
1614 4064 2085 4146 (Eme-Mb).

965 4158 1023 4216 2.
1054 4158 1293 4215 Ludoict'
1316 4158 1447 4217 cod.
1477 4177 1583 4217 ms.

966 4250 1027 4309 3.
1068 4244 1256 4329 Vulgo
1276 4254 1914 4315 Beaune-la·Rolande.
