3275 5317
745 576 822 635 η
1200 574 1526 633 OEuvnns
1565 558 1991 635 compmms
2026 578 2125 633 nn
2166 576 2435 637 svesa.

742 708 1130 779 Simonem¹
1196 707 1286 780 de
1333 710 1572 781 Monte
1624 710 1875 799 Forti'‚
1934 708 2313 781 dominum
2380 710 2640 797 Montis
2670 711 2862 782 Gaii·

744 827 1131 918 Paganum,
1167 839 1411 921 captos
1437 837 1841 896 tenuerunt.
1879 828 2143 897 Verum
2169 824 2429 921 Angliae
2476 840 2720 923 captos
2767 826 2859 899 ad

746 939 1322 1038 redemptionem
1357 938 1664 1013 celerem
1690 939 2011 1012 militaris
2064 940 2399 1039 stipendii
2446 940 2861 1014 acceleravit

745 1056 1082 1148 anxietas,
1115 1060 1549 1129 Francorum
1573 1080 1744 1129 vero
1771 1056 1984 1152 longa
2015 1056 2338 1129 diuturni
2369 1058 2668 1129 carceris
2706 1082 2860 1130 ma·

748 1172 1012 1243 ceravit
1050 1172 1410 1270 prolixitas
1448 1200 1464 1244 :
1501 1197 1634 1245 nec
1696 1173 1850 1245 ullo
1895 1172 2119 1245 modo
2177 1172 2567 1247 evinculari
2607 1188 2863 1272 potue-

749 1304 946 1379 runt,
987 1287 1244 1381 donec,
1303 1304 1628 1389 suscepta
1672 1288 1991 1386 ejusdem
2044 1289 2227 1384 regis
2276 1288 2529 1385 Angliae
2580 1289 2859 1381 militia,

744 1400 1071 1474 hominio
1123 1402 1439 1499 obligati,
1505 1427 1805 1499 regnum
1864 1420 1936 1476 et
1996 1428 2240 1500 regem
2306 1406 2726 1502 impugnare
2790 1420 2864 1477 et

751 1515 1036 1591 turbare
1058 1517 1526 1615 jurejurando
1560 1518 2055 1592 firmaverunt.
2097 1518 2485 1591 Dicebatur
2523 1518 2861 1617 equidem

750 1630 960 1727 vulgo
989 1655 1231 1728 regem
1264 1632 1472 1704 illum
1503 1632 1893 1732 superbum
1933 1649 2005 1706 et
2039 1636 2521 1732 impetuosum
2555 1635 2864 1733 aspirare

750 1745 845 1818 ad
873 1769 1176 1843 regnum
1203 1751 1669 1838 Francorum,
1716 1750 1883 1846 quia
1926 1748 2247 1821 famosus
2279 1749 2559 1846 juvenis
2610 1753 2864 1823 unicus

751 1861 936 1959 patri
955 1876 1106 1933 erat
1137 1861 1228 1933 de
1259 1862 1701 1935 nobilissima
1738 1864 2063 1961 conjuge,
2101 1863 2388 1936 Roberti
2420 1866 2867 1938 Flandrensis

751 1975 1031 2047 comitis
1067 2000 1332 2049 sorore.
1388 1981 1528 2067 Qui
1579 1979 1773 2049 euim
1826 1980 1974 2051 duo
2016 1992 2455 2077 supererant,
2506 1980 2866 2079 Philippus

755 2106 826 2163 et
855 2090 1125 2180 Florus,
1163 2090 1255 2163 de
1283 2092 1753 2191 superducta⁴
1774 2092 2260 2190 Andegavensi
2289 2096 2647 2167 comitissa
2696 2101 2863 2167 Ber-

753 2205 955 2278 trada
1009 2206 1222 2301 geniti
1269 2221 1492 2295 erant.¹
1549 2231 1684 2279 nec
1730 2207 2019 2280 illorum
2062 2206 2551 2305 apreciabatur
2594 2233 2869 2280 succes-

751 2322 1051 2414 sionem,
1084 2324 1144 2394 si
1176 2324 1469 2396 unicum
1500 2324 1819 2421 primum
1853 2321 2198 2395 decedere
2256 2348 2720 2420 quocumque
2753 2325 2866 2394 in-

751 2436 1070 2510 fortunio
1103 2439 1569 2534 contingeret.
1599 2442 1895 2528 Verum,
1926 2438 2093 2535 quia
2107 2462 2239 2509 nec
2272 2438 2376 2509 fas
2393 2462 2524 2509 nec
2547 2437 2868 2509 naturale

753 2569 858 2625 est
889 2558 1195 2626 Francos
1229 2554 1492 2649 Anglis,
1520 2556 1670 2626 imo
1705 2553 1969 2649 Anglos
1996 2553 2279 2625 Francis
2328 2551 2608 2649 subjici,
2667 2578 2867 2650 spem

749 2668 1178 2765 repulsivam
1209 2670 1312 2739 rei
1361 2668 1620 2741 delusit
1666 2681 1985 2740 eventus.
2042 2672 2219 2739 Nam
2277 2692 2443 2740 cum
2492 2691 2622 2766 per
2658 2668 2871 2738 trien-

755 2781 956 2854 nium
977 2782 1518 2881 auteoamplius
1545 2781 1711 2855 hac⁸
1740 2782 2006 2853 insania
2040 2807 2113 2854 se
2138 2797 2209 2854 et
2232 2807 2398 2854 suos
2425 2782 2864 2877 exagitasset,

755 2921 886 2968 nec
900 2921 1030 2994 per
1055 2898 1310 2993 Anglos
1331 2921 1463 2969 nec
1495 2922 1623 2995 per
1638 2902 1941 2969 Francos
1970 2896 2293 2969 hominio
2327 2897 2677 2993 obligatos
2698 2922 2869 2995 pro-

756 3010 1064 3083 ficiendo
1117 3012 1466 3083 voluntati
1520 3036 1662 3083 suae
1711 3010 2108 3085 satisfacere
2164 3013 2460 3100 valeret,
2520 3010 2863 3084 subsedit.

753 3130 1080 3224 Cumque
1129 3126 1202 3197 in
1245 3126 1563 3222 Angliam
1603 3128 2145 3217 transfretasset,
2201 3128 2498 3200 lasciviae
2538 3142 2611 3199 et
2648 3127 2871 3201 animi

757 3241 1120 3313 desideriis
1141 3239 1452 3334 deditus,
1488 3267 1656 3315 cum
1682 3242 1995 3341 quadam
2020 3242 2137 3314 die
2170 3243 2243 3314 in
2282 3246 2475 3315 Nova
2497 3242 2719 3314 Silva⁶
2751 3266 2871 3313 ve-

757 3357 1162 3429 nationibus
1193 3357 1565 3449 insisteret,
1601 3357 1842 3430 subito
1876 3358 2243 3457 inopinata
2296 3359 2545 3453 sagitta
2590 3382 2873 3456 percus-

755 3496 910 3561 sus,
975 3472 1264 3545 interiit.
1325 3472 1741 3545 Divinatum
1805 3487 1911 3544 est
1959 3472 2229 3544 virum⁷
2299 3472 2540 3545 diviua
2600 3473 2873 3545 ultione

755 3611 1201 3684 percussum,
1255 3603 1616 3687 assumpto
1658 3588 1967 3659 veritatis
2006 3604 2430 3683 argumento
2449 3642 2471 3680 ,
2535 3613 2623 3660 eo
2672 3587 2872 3687 quod

840 3840 900 3896 1.
945 3841 1234 3907 &monem
1261 3841 1400 3897 543.
1444 3870 1519 3915 ς·-
1563 3839 1621 3895 2.
1667 3834 1857 3913 Vulgo
1886 3835 2526 3913 Montsort-I’Amauty·

837 3934 898 3991 3.
940 3930 1127 4007 Vulgo
1155 3934 1388 4008 Montge‘
1415 3928 1993 4009 (Scine-ee-Mame).

833 4028 896 4083 4.
938 4026 1282 4100 Supradicaea
1309 4026 1424 4084 133
1449 4042 1518 4081 ac
1545 4024 1640 4083 ed.
1673 4024 1872 4083 Germ.
1916 4056 1994 4068 —
2022 4025 2358 4099 Superdicta
2390 4024 2603 4083 12710.

839 4120 898 4178 5.
939 4120 1068 4177 Hac
1097 4121 1333 4178 543.—
1355 4120 1488 4176 Haec
1513 4116 1679 4178 alias,

835 4214 892 4271 6.
919 4213 1108 4283 Nunc,
1133 4208 1383 4289 anglice,
1409 4210 2015 4286 Soutlaampcon-Park.
2072 4235 2079 4240 ·
2126 4212 2131 4216 ’

841 4306 900 4365 7.
937 4308 1104 4363 Hune
1129 4309 1306 4361 virum
1339 4306 1474 4367 133.
