3275 5317
884 511 1002 567 162
1320 503 1648 563 OEnvnsss
1686 486 2114 563 COMPLl'zTES
2153 504 2254 559 m:
2297 502 2566 565 SUGER.

882 635 1193 709 ecclesiae
1225 634 1599 732 proprium
1616 632 1803 705 beati
1831 632 2150 729 Dionysii
2177 630 2497 723 feodum,
2533 656 2755 729 quem
2781 634 2986 706 etiam

883 776 1011 824 rex
1048 756 1487 822 Francorum
1518 732 1918 821 Ludovicus
1949 744 2286 846 Philippi,
2321 746 2720 819 accelerans
2747 764 2987 821 contra

883 870 1391 965 imperatorem
1418 888 1802 937 romanum
1827 863 2312 958 insurgentem
2346 863 2416 933 in
2441 886 2741 957 regnum
2775 868 2986 935 Fran-

884 1006 1164 1072 corum,
1204 982 1279 1051 in
1309 979 1522 1077 pleno
1555 977 1866 1076 capitulo
1896 977 2090 1049 beati
2123 976 2448 1075 Dionysii
2487 978 2842 1074 professus
2892 995 2986 1052 est

882 1122 957 1168 se
1009 1096 1101 1169 ab
1140 1120 1227 1167 eo
1256 1094 1545 1187 habere,
1597 1110 1672 1167 et
1715 1096 1879 1191 jure
1929 1092 2264 1190 signiferi,
2323 1092 2380 1163 si
2430 1116 2554 1163 rex
2593 1116 2739 1164 non
2781 1109 2980 1183 esset,

882 1210 1287 1284 hominium
1302 1211 1367 1282 ei
1384 1209 1674 1301 debere,
1696 1208 1840 1283 hoc
1858 1211 2277 1307 insequente
2305 1208 2744 1281 incremento
2763 1208 2986 1281 domi-

883 1327 1305 1415 nicaturam,
1342 1330 1496 1397 Deo
1524 1326 1929 1414 auxiliante,
1963 1324 2408 1419 augmentari
2445 1321 2982 1395 elaboravimus.

880 1442 1267 1514 Ecclesiam
1316 1440 1409 1512 de
1446 1440 1779 1535 Cergiaco
1822 1456 1896 1512 et
1935 1440 2148 1513 curiae
2181 1438 2582 1511 libertatem
2614 1438 2706 1510 ab
2740 1438 2987 1511 eodem

884 1581 1047 1652 rege
1080 1555 1443 1628 Ludovico
1474 1555 1946 1629 obtinuimus.
1987 1557 2044 1625 A
2075 1553 2226 1626 filio
2255 1578 2426 1625 vero
2455 1553 2606 1649 ejus
2633 1551 2986 1625 Ludovico

882 1672 1235 1745 viaturam
1273 1670 1593 1767 ejusdem
1638 1670 1820 1741 villae
1860 1684 1931 1742 et
1972 1692 2223 1741 omnes
2256 1665 2578 1739 redditus
2605 1667 2782 1764 ejus,
2821 1691 2986 1764 prae-

884 1800 992 1859 ter
1030 1787 1282 1858 viuum
1325 1801 1396 1858 et
1451 1809 1775 1877 avenam,
1827 1785 1902 1857 in
1962 1783 2410 1856 dedicatione
2455 1780 2764 1853 ecclesiae
2807 1782 2986 1877 regia

879 1898 1305 1974 liberalitate
1334 1926 1469 1999 pro
1502 1898 1824 1973 remedio
1855 1900 2110 1972 animae
2131 1900 2192 1996 ej
2203 1924 2309 1987 uS,
2349 1921 2674 1995 personae
2700 1912 2774 1969 et
2801 1897 2986 1993 regni

879 2017 1353 2114 protectione,
1403 2015 1875 2089 obtinuimus,
1935 2015 2114 2087 Nec*
2151 2015 2383 2085 minus
2421 2012 2636 2084 etiam
2693 2011 2894 2109 quod
2919 2012 2984 2082 in

880 2132 1255 2204 Cormeliis
1310 2130 1651 2222 habebat,
1714 2146 1788 2203 et
1845 2129 2040 2228 apud
2099 2129 2472 2218 OEnitum,
2510 2143 2584 2199 et
2647 2127 2978 2225 quioquid

878 2248 1171 2345 Trappis
1207 2246 1547 2335 habebat,
1602 2260 1858 2344 praeter
1909 2245 2328 2341 hospitium,
2361 2242 2625 2315 sanctis
2675 2241 2982 2339 Martyri-

878 2362 1017 2434 bus
1040 2362 1492 2435 devotissime
1532 2359 1859 2435 contulit.
1903 2364 2048 2433 Nos
2078 2374 2318 2432 autem
2343 2374 2414 2431 et
2447 2360 2538 2431 de
2567 2358 2680 2430 his
2709 2372 2782 2431 et
2809 2358 2980 2431 mul·

880 2477 971 2549 tis
1004 2477 1158 2548 aliis
1188 2477 1643 2549 incrementis
1647 2531 1671 2566 ,
1707 2475 2099 2573 praesertim
2143 2474 2480 2548 continua
2517 2472 2986 2546 sollicitudine

882 2607 955 2665 et
976 2592 1129 2689 jugi
1171 2592 1654 2690 providentia,
1696 2606 1903 2664 terrae
1949 2590 2183 2663 cultus
2233 2593 2306 2663 e‘t
2336 2590 2738 2680 vinearum,
2772 2589 2982 2686 majo·

880 2732 1041 2779 rum
1076 2726 1148 2780 et
1178 2708 1635 2780 servientium
1674 2705 2136 2806 reprimendo
2184 2706 2670 2804 rapacitatem,
2699 2706 2986 2779 advooe-

882 2838 1117 2895 torum
1162 2824 1380 2895 etiam
1407 2846 1798 2920 pravorum
1829 2824 2313 2920 importunam
2356 2818 2752 2893 refellendo
2783 2821 2982 2893 infae-

886 2939 1252 3028 tationem,
1308 2963 1444 3036 pro
1492 2962 1639 3035 quo
1683 2936 1910 3011 multa
1951 2938 2027 3009 in
2073 2937 2389 3010 novitate
2426 2938 2708 3010 nostra’
2733 2936 2983 3008 militiae

884 3052 1130 3126 usibus
1166 3052 1662 3151 expendimus,
1697 3052 1871 3125 illuc
1901 3076 2127 3150 usque
2153 3056 2310 3125 Deo
2347 3068 2709 3127 annuente
2743 3050 2989 3151 perdu-

880 3168 1141 3253 ximuS‚
1182 3183 1284 3259 ut,
1330 3193 1499 3240 cum
1532 3167 1981 3266 temporibus
2023 3183 2552 3241 antecessorum
2583 3181 2986 3240 nostrorum

883 3283 1135 3356 fratres
1161 3284 1387 3355 nostri
1417 3284 1511 3356 ad
1530 3309 1712 3383 opus
1739 3285 2062 3382 coquinae
2087 3282 2354 3357 cotidie
2383 3284 2702 3381 quinque
2731 3282 2986 3357 solidos

881 3396 1149 3471 habere
1195 3402 1511 3473 contenti
1549 3398 1876 3491 fuissent,
1935 3399 2025 3471 de
2077 3398 2708 3498 superabundante
2764 3401 2982 3473 incre-

882 3529 1129 3587 mento
1174 3515 1369 3587 omni
1429 3514 1543 3586 die
1595 3514 1771 3586 alios
1803 3516 2146 3612 quinque,
2184 3529 2257 3586 et
2295 3514 2466 3586 feria
2504 3512 2754 3612 quinta
2780 3532 2985 3613 atque

881 3628 1180 3701 sabbato
1212 3628 1762 3726 quatuordecim
1795 3654 1929 3727 pro
1958 3642 2143 3721 toto,
2165 3628 2754 3726 irrefragabiliter
2777 3631 2986 3703 resec·

884 3743 1060 3816 tioni
1107 3746 1404 3817 fratrum
1445 3745 1814 3843 recipiant.
1864 3749 1952 3815 Et
1990 3745 2193 3842 quod
2222 3744 2462 3819 adhuc
2497 3744 2607 3817 his
2639 3760 2978 3847 superest,

961 4023 1022 4082 1.
1048 4024 1126 4079 Et
1152 4040 1261 4078 mS.
1299 4020 1433 4079 cod.

958 4116 1016 4169 2.
1049 4116 1257 4171 Nostra
1282 4113 1414 4172 cod.
1457 4132 1568 4171 ms,
1604 4123 1662 4171 et
1693 4111 1834 4171 edit.
1880 4112 2092 4173 Chesn.
2125 4144 2206 4158 -—
2231 4117 2480 4184 Nostrae,
2509 4109 2680 4193 juxta
2717 4108 2985 4172 Felibieni

876 4206 1355 4266 emendationem.
