3275 5317
1123 582 1249 643 vm
1290 583 1393 641 DE
1432 581 1704 643 SUGER.
2358 580 2474 645 379

346 716 595 789 omnia
624 730 758 806 est,
795 714 1039 788 divina
1069 712 1530 815 dispensatio,
1559 738 1718 811 quae
1749 712 1944 785 hunc
1975 715 2302 789 Ecclesiae
2333 742 2474 791 suae

346 856 471 903 vas
503 834 575 905 in
599 831 953 903 honorem
984 845 1529 929 praeparaverat.
1564 834 1786 903 Tanta
1816 832 2008 903 enim
2040 830 2240 903 illum
2284 834 2472 905 noti-

347 948 445 1021 tia
500 950 881 1038 invaserat,
940 960 1047 1037 ut,
1110 946 1387 1019 etiamsi
1446 946 1521 1017 in
1564 961 1880 1018 extrema
1936 946 2470 1036 reconderetur,

344 1063 647 1162 pristina
685 1077 927 1135 tamen
960 1061 1168 1134 illum
1215 1060 1537 1159 probitas
1586 1061 2111 1134 demonstraret
2143 1078 2215 1135 et
2252 1064 2477 1137 virtu-

343 1194 453 1251 tes
487 1177 907 1277 proderent,
958 1177 1031 1250 in
1072 1176 1336 1275 quibus
1381 1202 1425 1249 a
1468 1202 1696 1277 puero
1743 1178 2165 1251 exercitatus
2209 1178 2468 1253 fuerat.

340 1298 565 1367 Tanta
606 1292 814 1367 illum
845 1293 971 1365 lux
998 1307 1299 1392 propter
1326 1294 1563 1393 prima
1593 1307 1668 1365 et
1701 1294 1974 1389 integra
2005 1292 2303 1365 consilia
2331 1295 2472 1366 cir-

341 1406 853 1504 cumfulgebat,
892 1422 975 1479 ut
1013 1408 1339 1505 quamvis
1388 1408 1606 1480 vellet
1635 1408 1962 1481 tenebras
1986 1407 2284 1499 habere,
2320 1434 2470 1483 non

337 1537 605 1622 posset.
642 1523 1089 1597 Mirabantur
1111 1546 1367 1596 omnes
1386 1523 1712 1595 animum
1731 1524 1806 1594 in
1831 1522 1957 1595 illo
1988 1522 2464 1614 moderatum,

341 1639 835 1730 excellentem,
874 1664 1169 1713 omnem
1229 1654 1593 1711 tumorem
1651 1639 1871 1711 seculi
1919 1638 2351 1729 calcantem,
2401 1651 2474 1709 et

339 1755 688 1855 quicquid
722 1755 975 1852 vulgus
1008 1756 1263 1829 timere
1295 1754 1477 1828 solet
1517 1754 1629 1828 vel
1678 1770 1924 1854 optare
1970 1753 2350 1847 ridentem,
2393 1754 2465 1825 in

340 1871 621 1943 mundo
668 1870 964 1969 quidem
1015 1873 1486 1945 constitutum
1506 1925 1526 1962 ,
1582 1871 1712 1945 sed
1763 1870 2060 1944 meliore
2105 1874 2212 1943 sui
2262 1884 2466 1969 parte

336 1984 747 2059 coelestibus
776 1985 1235 2059 inhaerentem
1262 1984 1314 2059 ¹.
2193 1988 2200 1995 ’

436 2102 583 2189 Qui
613 2126 779 2173 cum
812 2116 1143 2200 praeesset
1183 2103 1621 2175 monasterio
1647 2156 1666 2193 ,
1703 2108 1999 2201 praeerat
2034 2117 2106 2174 et
2147 2102 2412 2201 palatio
2443 2130 2460 2193 ;

202 2304 209 2309 .
337 2216 582 2313 sicque
608 2230 997 2315 utrumque
1033 2215 1482 2316 dispensabat
1517 2216 1867 2311 officium,
1898 2232 1980 2289 ut
2010 2242 2146 2289 nec
2187 2217 2394 2289 illum
2423 2242 2466 2289 a

333 2328 621 2403 claustri
654 2356 827 2403 cura
857 2332 1277 2431 prohiberet
1318 2334 1548 2426 curia,
1594 2356 1728 2405 nec
1768 2357 1810 2404 a
1854 2331 2165 2406 consiliis
2201 2332 2464 2430 princi-

332 2472 511 2547 pum
564 2447 764 2520 hunc
816 2464 1185 2522 excusaret
1233 2450 1754 2523 monasterium
1804 2446 1856 2518 ¹.
1915 2452 2122 2521 Hunc
2169 2462 2466 2547 propter

332 2562 711 2661 magnifica
741 2578 815 2636 et
836 2580 1028 2636 recta
1049 2563 1341 2637 consilia
1375 2566 1706 2665 princeps
1728 2562 2205 2637 venerabatur
2232 2578 2313 2636 ut
2337 2588 2462 2662 pa-

332 2690 549 2770 trem,
587 2678 972 2753 verebatur
992 2695 1073 2753 ut
1091 2680 1571 2780 pedagogum.
1595 2682 1779 2754 Huic
1807 2680 2213 2753 advenienti
2237 2704 2464 2753 assur-

332 2794 599 2891 gebant
627 2796 989 2897 praesules,
1026 2812 1100 2869 et
1124 2798 1315 2871 inter
1358 2796 1517 2870 illos
1546 2798 1821 2896 primus
1850 2794 2232 2869 residebat.
2281 2798 2457 2869 Nam

328 2911 663 3011 quotiens
688 2910 1102 3009 urgentibus
1129 2913 1329 3009 regni
1359 2913 1660 3009 negotiis
1689 2911 1926 2985 vocati
1962 2910 2463 2982 convenissent

322 3029 667 3127 episcopi,
703 3028 1119 3101 consulente
1159 3027 1323 3101 illos
1358 3029 1710 3128 principe,
1747 3028 1944 3101 hunc
1985 3052 2120 3126 pro
2165 3040 2460 3125 experta

325 3157 400 3215 et
417 3141 723 3241 probata
741 3143 1126 3243 prudentia
1153 3168 1379 3221 unum
1401 3168 1537 3243 pro
1557 3144 1897 3217 omnibus
1924 3166 2267 3241 responsa
2292 3141 2460 3214 dare

329 3258 761 3331 unanimiter
804 3260 1359 3359 compellebant.
1408 3259 1672 3332 Verbis
1703 3259 1920 3351 illius,
1955 3275 2039 3331 ut
2084 3258 2174 3330 de
2214 3284 2288 3330 se
2320 3256 2456 3330 Job

331 3388 629 3447 testatur
653 3378 699 3465 ⁸,
732 3373 993 3447 addere
1034 3374 1225 3447 nihil
1256 3374 1612 3447 audebant
1655 3402 1822 3447 cum
1867 3400 2082 3473 super
2109 3372 2269 3443 illos
2301 3370 2456 3441 scil-

329 3488 515 3562 laret
542 3490 899 3589 eloquium
937 3490 1119 3589 ejus.
1160 3496 1295 3564 Per
1324 3492 1521 3564 hunc
1552 3490 1828 3565 clamor
1859 3487 2114 3589 pupilli
2141 3500 2214 3557 et
2249 3510 2457 3557 causa

410 3750 439 3807 1
458 3790 473 3805 .
502 3746 827 3805 Inhiantem
856 3746 997 3809 edd.

403 3843 462 3899 2.
496 3841 655 3915 Quos
681 3838 880 3899 laudat
906 3838 1250 3900 Guillelmus
1278 3837 1505 3917 Sugerii
1534 3855 1749 3909 mores,
1772 3854 1892 3894 non
1923 3852 2150 3915 semper
2171 3832 2350 3895 iidem
2377 3834 2453 3895 ab

320 3930 495 3991 initio
522 3932 821 4010 regiminis
846 3932 1027 4013 ipsius
1050 3934 1317 4005 extitere,
1350 3944 1414 3991 nt
1442 3930 1604 3991 aiunt
1627 3928 2009 3990 Benedictini.
2044 3931 2133 3988 De
2158 3934 2246 3989 sul
2275 3928 2458 4009 ipsius

324 4036 385 4083 et
419 4024 545 4106 ejus
570 4026 901 4085 monasterii
924 4026 1355 4099 reformatione,
1390 4044 1517 4105 quae
1546 4024 1704 4084 haud
1743 4020 1928 4084 serius
1956 4040 2110 4082 anno
2137 4020 2309 4081 tertio
2345 4023 2456 4083 ad-

324 4118 762 4179 ministrationis
798 4138 915 4179 suae
952 4120 1223 4201 contigit,
1252 4120 1333 4183 cf.
1370 4118 1806 4199 gratulatoriam
1835 4120 1896 4179 S.
1935 4114 2218 4177 Bernardi
2243 4115 2454 4197 episto·
2555 4196 2568 4203 ς

318 4211 435 4269 lam
468 4214 566 4276 78.

400 4310 459 4365 3.
494 4304 631 4382 lob,
658 4324 828 4380 xxm,
876 4311 977 4368 22.
