3275 5317
832 608 947 663 108
1269 605 1595 664 OEuvnsss
1635 588 2062 665 constares
2101 604 2203 661 Da
2243 603 2513 665 SUGER.
2633 636 2642 646 ,

830 737 1077 810 sedere
1126 736 1489 828 differem,
1529 738 1605 808 in
1636 737 2031 810 marchiam
2063 760 2307 809 versus
2337 740 2741 809 Mosomum
2768 740 2788 775 ⁸
2821 761 2944 809 oc-

832 854 1187 943 currisset,
1238 878 1371 925 nec
1402 852 1834 951 profecisset,
1880 851 2496 950 quemadmodum
2519 867 2592 923 et
2619 867 2938 925 anteces-

834 992 1029 1041 sores
1057 967 1391 1052 fecerant,
1422 968 1890 1040 anathematis
1913 966 2224 1057 vinculo,
2253 966 2469 1065 pleno
2499 970 2938 1039 Francorum

831 1097 904 1156 et
944 1083 1538 1178 Lotharingorum
1588 1083 1918 1172 concili0,
1971 1083 2344 1155 innodavit
2361 1086 2408 1152 ¹.
2449 1086 2632 1155 Cum
2664 1097 2930 1173 autem,

830 1198 1286 1271 ecclesiarum
1308 1199 1561 1270 votivis
1586 1197 1850 1271 ditatus
1869 1198 2261 1289 beneficiiS,
2303 1198 2604 1293 gloriose
2639 1202 2938 1270 Romam

831 1308 1264 1406 pervenisset
1285 1364 1305 1401 ,
1360 1308 1665 1403 gloriosa
1719 1324 1864 1381 tam
1901 1308 2074 1381 cleri
2110 1334 2327 1408 quam
2365 1309 2618 1407 populi
2655 1309 2936 1381 romani

830 1438 1192 1522 susceptus
1232 1425 1664 1523 receptione,
1704 1424 1951 1496 multis
1988 1441 2522 1498 antecessorum
2553 1426 2875 1523 superior
2887 1428 2934 1513 ⁸,

832 1540 1136 1611 ecclesiae
1184 1564 1428 1611 curam
1473 1539 1770 1612 feliciter
1815 1538 2378 1611 administrabat.
2445 1544 2586 1612 Nec
2635 1538 2938 1611 multam

826 1652 1066 1727 adhuc
1116 1656 1189 1726 in
1232 1654 1399 1726 sede
1450 1668 1690 1725 sancta
1733 1653 1999 1726 fecerat
2049 1678 2355 1741 moram,
2406 1678 2574 1726 cum
2609 1656 2937 1743 Romani,

827 1772 980 1867 ejus
1015 1786 1165 1842 tam
1202 1769 1556 1842 nobilitati
1606 1794 1825 1867 quam
1857 1770 2259 1842 liberalitati
2301 1769 2652 1861 faventes,
2707 1771 2938 1842 intru-

827 1910 987 1957 sum
1023 1886 1114 1957 ab
1146 1888 1572 1985 imperatore
1627 1887 2157 1960 schismaticum
2209 1887 2605 1959 Burdinum
2642 1888 2687 1977 ⁴,
2747 1886 2940 1985 apud

827 2004 1109 2073 Sutram
1134 2003 1527 2093 sedentem,
1556 2017 1627 2074 et
1658 2003 1751 2074 ad
1773 2001 2018 2073 limina
2030 2001 2533 2100 Apostolorum
2567 2018 2940 2074 transeun-

828 2132 931 2188 tes
976 2115 1269 2189 clerioos
1308 2142 1489 2214 genu
1534 2116 1814 2190 flectere
1853 2117 2425 2215 compellentem,
2460 2134 2938 2215 expugnatum

825 2244 1205 2303 tenuerunt
1235 2261 1256 2324 ;
1313 2247 1635 2304 tortuoso
1665 2232 1960 2306 animali
2003 2232 2275 2304 camelo
2309 2246 2716 2304 tortuosum
2755 2233 2937 2304 anti-

823 2371 1105 2445 papam,
1148 2348 1371 2419 immo
1408 2346 1946 2438 Antichristum,
1986 2346 2230 2419 crudis
2271 2361 2342 2419 et
2382 2348 2942 2446 sanguinolentis

824 2460 1125 2559 pellibus
1156 2463 1464 2561 caprinis
1514 2463 1882 2553 amictum,
1939 2477 2418 2533 transversum
2465 2487 2938 2560 superposue-

822 2591 1017 2667 runt,
1047 2592 1119 2649 et
1153 2577 1620 2673 ignominiam
1653 2575 1976 2650 Ecclesiae
2013 2578 2147 2649 Dei
2171 2576 2613 2667 ulciscentes,
2639 2602 2770 2676 per
2789 2604 2940 2650 me-

825 2691 1026 2765 dium
1057 2693 1358 2765 civitatis
1393 2692 1506 2764 via
1541 2694 1760 2788 regia,
1808 2707 1891 2764 ut
1929 2692 2152 2787 magis
2207 2691 2728 2791 publicaretur,
2773 2693 2945 2765 edu-

823 2822 1061 2879 centes
1084 2862 1103 2898 ,
1171 2809 1567 2907 imperante
1622 2808 1919 2879 domino
1969 2831 2152 2906 papa
2215 2807 2521 2897 Calixto,
2589 2824 2939 2907 perpetuo

822 2945 1106 2994 carcere
1142 2924 1217 2994 in
1251 2923 1609 2995 montanis
1647 2922 2044 3019 Campaniae
2073 2945 2299 3019 prope
2343 2925 2688 2993 Sanctum
2730 2928 2942 2994 Bene-

822 3034 1095 3109 dictum
1128 3038 1560 3137 captivatum
1598 3036 2146 3127 damnaverunt,
2181 3050 2254 3107 et
2282 3035 2374 3108 ad
2408 3052 2617 3110 tantae
2645 3036 2938 3111 ultionis

824 3151 1185 3224 memoriae
1215 3154 1857 3244 conservationem,
1876 3152 1949 3222 in
1981 3176 2260 3223 camera
2283 3152 2526 3249 palatii
2559 3152 2697 3224 sub
2727 3154 2932 3253 pedi-

821 3266 956 3339 bus
989 3263 1263 3340 domini
1315 3293 1509 3367 papae
1545 3267 2045 3341 conculcatum
2083 3267 2584 3367 depinxerunt.
2619 3270 2938 3341 Domino

820 3384 1059 3481 itaque
1114 3382 1385 3456 Calixto
1418 3384 1723 3480 gloriose
1754 3383 2177 3483 praesidente
2203 3436 2220 3469 ,
2260 3397 2332 3454 et
2368 3398 2693 3481 raptores
2723 3383 2936 3456 Italiae

818 3514 890 3571 et
928 3499 1197 3598 Apuliae
1233 3500 1736 3599 perdomante,
1771 3497 2202 3597 pontificalis
2251 3498 2608 3572 cathedrae
2647 3500 2932 3573 lucerna

898 3764 957 3819 1.
985 3759 1072 3816 Ita
1099 3758 1234 3819 edd.
1265 3758 1473 3818 Chesn.
1504 3769 1564 3818 et
1600 3755 1893 3817 Benedict.
1919 3789 2002 3803 —
2022 3760 2326 3815 Mosonum
2352 3755 2610 3835 quinque
2648 3754 2820 3815 codd.
2863 3774 2928 3814 ac

819 3848 963 3909 edit.
997 3852 1198 3909 Germ.
1226 3883 1307 3896 —
1324 3854 1491 3911 Nunc
1516 3856 1761 3911 Mouzon
1791 3848 2158 3928 (Ardennes).

903 3945 962 4004 2.
992 3948 1279 4001 Innatus-it
1308 3949 1529 4007 12710.

900 4040 959 4094 3.
998 4034 1091 4094 sic
1134 4041 1353 4098 12710.
1396 4070 1477 4084 —
1518 4044 1881 4117 Superior-um
1915 4036 2014 4096 alii
2054 4050 2215 4117 quat.
2243 4037 2444 4110 codd„
2477 4038 2732 4117 itemque
2767 4040 2926 4109 edd.,

823 4128 924 4188 sed
948 4128 1117 4188 male.

906 4229 963 4280 4,
993 4226 1061 4280 In
1097 4224 1229 4283 cod.
1270 4226 1410 4297 135,
1462 4234 1593 4303 post
1630 4222 1804 4282 verba
1859 4224 2274 4283 schismaticum
2316 4227 2669 4296 Burdinum,
2723 4222 2934 4283 avulsis

826 4312 1046 4373 dudum
1096 4314 1315 4375 caeteris
1356 4316 1539 4393 soliis,
1580 4315 1809 4398 scripsit
1853 4336 2053 4376 manus
2095 4316 2419 4378 recentior:
2479 4322 2691 4377 Desunt
2729 4321 2929 4380 multa.
