3275 5317
898 340 1017 395 402
1336 334 1666 393 osuvnns
1703 318 2133 390 commus
2171 335 2272 390 nr:
2309 334 2583 392 summ.

896 468 1143 537 animo
1174 465 1537 564 spectabat
1572 464 1792 535 finem
1821 488 2062 555 suum,
2093 488 2242 561 quo
2259 464 2424 561 quis
2445 462 2662 535 finem
2689 480 2990 563 spectare

898 582 1083 654 solet
1108 581 1424 655 alienum
1455 610 1471 651 :
1517 606 1735 679 quem
1763 605 1912 652 non
1927 580 2290 679 exciperet
2315 595 2462 651 tam
2497 578 2836 669 hilariter,
2871 582 2986 651 nisi

894 722 973 770 se
996 696 1122 769 diu
1146 695 1242 769 ad
1264 696 1469 771 illum
1500 712 1981 796 praeparasset.
2006 695 2400 785 Quomodo
2429 694 2720 793 quidam
2759 721 2986 793 rogare

894 812 1127 884 solent
1164 813 1406 904 vitam,
1446 814 1543 885 ita
1596 812 1714 884 ille
1758 810 2054 911 optabat
2095 812 2402 902 exitum,
2451 811 2622 907 quia
2659 810 2852 883 bene
2895 814 2982 883 vi·

892 929 1129 1001 vendo
1148 945 1384 1026 egerat
1406 944 1487 1001 ut
1516 928 1684 1001 satis
1723 928 2047 999 vixisset:
2069 952 2206 998 nec
2235 926 2610 1023 quamdiu,
2637 927 2764 999 sed
2787 953 2982 1024 quam

890 1042 1081 1115 bene
1104 1045 1373 1117 viveret
1396 1066 1680 1141 semper
1709 1042 2134 1115 attenderat.
2168 1044 2330 1130 Qua
2369 1040 2700 1113 videlicet
2739 1042 2978 1115 valetn-

888 1158 1060 1231 dine
1094 1173 1407 1256 quatuor
1442 1157 1804 1230 mensibus
1833 1154 1948 1228 vel
1991 1181 2082 1228 eo
2111 1156 2418 1253 amplius
2453 1156 2810 1249 detentus,
2845 1182 2982 1254 age-

884 1274 1013 1347 bat
1044 1275 1541 1373 Omnipotenti
1574 1272 1858 1367 gratim,
1905 1271 2106 1369 quod
2151 1296 2302 1343 non
2347 1286 2642 1369 repente
2689 1272 2972 1359 avulsus,

884 1388 1010 1462 sed
1072 1388 1471 1461 subductus
1524 1387 1870 1485 paulatim
1933 1385 2444 1486 perduceretur
2515 1386 2610 1457 ad
2679 1388 2974 1485 requiem

878 1502 1159 1575 homini
1176 1502 1463 1599 fatigato
1496 1502 1989 1574 necessariam.
2017 1502 2160 1589 Qui
2187 1526 2358 1575 cum
2381 1526 2454 1573 se
2476 1501 2670 1573 ciroe
2683 1502 2972 1573 Natalem

878 1618 1174 1690 Domini
1226 1618 1422 1689 diem
1470 1617 1704 1690 acrius
1752 1618 2077 1689 sensisset
2117 1618 2380 1712 urgeri,
2425 1617 2617 1713 cepit
2659 1619 2972 1689 instanter

876 1732 1256 1807 aDomino
1286 1731 1652 1830 postulare
1684 1747 1764 1804 ut
1803 1732 1955 1829 ejus
1989 1731 2348 1830 paulisper
2371 1730 2782 1803 differretur
2809 1748 2968 1804 tran·

874 1850 1079 1939 situs,
1108 1848 1339 1921 donec
1378 1846 1650 1919 scilicet
1689 1846 1842 1919 dies
1883 1848 2298 1919 transissent
2339 1847 2524 1937 festi,
2567 1872 2664 1919 ne
2713 1862 2970 1944 propter

874 1963 1081 2036 illum
1108 1988 1195 2034 ex
1236 1962 1431 2034 festis
1462 1976 2050 2034 converterentur
2083 1963 2160 2033 in
2201 1976 2528 2033 moestos:
2569 1962 2644 2033 in
2675 1988 2826 2060 quo
2847 1986 2968 2033 ma-

840 2070 1125 2151 ·nifeste
1156 2100 1199 2148 a
1235 2078 1549 2150 Domino
1580 2078 1770 2151 visus
1800 2090 1908 2148 est
1935 2076 2278 2148 exaudiri.
2323 2081 2531 2169 Nam,
2573 2076 2864 2174 expletis
2885 2102 2966 2148 sa-

872 2196 1013 2267 cris
1062 2193 1359 2283 diebus,
1420 2208 1672 2264 octava
1723 2190 2294 2289 Epiphaniorum
2333 2191 2484 2264 die¹
2525 2194 2854 2287 migravit
2889 2191 2964 2263 ad

872 2310 1295 2397 Dominum,
1326 2307 1520 2406 apud
1549 2330 1797 2403 quem,
1835 2321 1917 2377 ut
1943 2305 2142 2378 credi
2165 2305 2400 2398 decet,
2437 2325 2600 2405 post
2625 2310 2960 2380 octavam¹

862 2421 1016 2518 jam
1048 2420 1193 2514 agit
1218 2420 1660 2489 continuam.
1691 2422 1782 2489 Et
1811 2418 2074 2489 merito
2103 2418 2232 2513 qui
2255 2442 2400 2517 prae
2423 2420 2680 2492 ceteris
2725 2435 2968 2493 morta-

870 2535 1062 2608 libus
1090 2534 1207 2607 vel
1254 2534 1548 2605 Domini
1596 2531 1710 2604 vel
1753 2548 2165 2605 sanctorum
2205 2549 2674 2607 consueverat
2729 2534 2962 2609 festivi-

868 2650 1135 2725 tatibus
1180 2647 1548 2738 delectari‚
1600 2647 1794 2718 festis
1841 2645 2246 2719 credendus
2297 2664 2405 2721 est
2459 2650 2802 2723 interesse
2837 2676 2964 2749 per-

866 2766 1253 2839 hennibus.

960 2888 1143 2955 Ecce
1202 2881 1381 2953 dum
1429 2878 1563 2951 tibi
1618 2902 1870 2975 parere
1911 2878 2081 2950 volo
2097 2931 2118 2969 ,
2161 2878 2504 2953 Gaufride
2520 2934 2542 2974 ,
2585 2881 2958 2955 multorum

864 3022 984 3069 me
1022 2993 1375 3068 morsibus
1406 2994 1902 3084 lacerandum,
1937 2994 2184 3066 multis
2213 2993 2602 3067 ridendum
2659 2997 2951 3095 exposui.

866 3117 1137 3210 Nempe
1196 3111 1345 3183 scio
1406 3134 1555 3183 non
1608 3108 1980 3183 defuturos
2035 3112 2162 3207 qui
2227 3136 2348 3183 me
2407 3112 2962 3212 presumptionis

864 3242 1193 3326 arguant,
1242 3223 1443 3323 quod
1478 3222 1800 3297 nobilem
1851 3226 2357 3324 occupaverim
2399 3229 2937 3319 materiamen

866 3344 1029 3417 miis
1056 3338 1549 3413 illustrandam
1584 3338 2060 3438 praeconibuS.
2109 3344 2199 3411 Et
2221 3339 2518 3437 quidem
2561 3342 2694 3415 diu
2733 3366 2962 3441 expec-

864 3459 1037 3549 tavi,
1090 3480 1381 3557 sperans
1424 3454 1738 3552 aliquem
1791 3454 1949 3527 fore
2007 3456 2134 3552 qui
2193 3456 2468 3529 meritis
2521 3459 2790 3555 optimi
2847 3456 2962 3529 viri

864 3575 1095 3647 vicem
1114 3568 1561 3671 rependeret.
1602 3568 1750 3641 Sed
1799 3567 1977 3641 dum
2036 3570 2346 3669 tepidius
2385 3572 2688 3668 quidam
2733 3588 2962 3671 agunt,

940 3792 969 3846 1
984 3828 1001 3846 .
1042 3790 1117 3846 13
1138 3782 1415 3858 januarii,
1440 3800 1595 3841 anno
1614 3783 1763 3839 1151
1791 3782 2108 3840 secundum
2131 3784 2374 3843 modum
2393 3797 2650 3845 veterem
2669 3784 2962 3847 inchoandi

856 3897 1097 3949 annum,
1132 3880 1285 3935 ¹152
1316 3874 1633 3935 secundum
1667 3872 2053 3934 recentiorem
2075 3874 2307 3953 stylum.

935 3975 995 4029 2.
1038 3976 1176 4033 Post
1209 3990 1318 4049 pro
1354 3972 1641 4045 deinceps,
1675 3964 1996 4049 conjiciunt
2042 3968 2330 4032 Benedict.
2368 3974 2633 4032 Fortasse
2663 3974 2760 4035 his
2795 3976 2958 4034 verbis

856 4066 1191 4147 designatur
1226 4074 1453 4145 tempus
1484 4062 1648 4141 quod
1680 4060 1942 4141 sequitur
1971 4074 2232 4123 octavam
2259 4064 2426 4126 festi:
2457 4080 2841 4145 post-odon.
