3275 5317
1515 352 1639 409 vll-3
1684 352 1778 409 DE
1818 352 2085 410 SUGER.

750 500 986 557 tamen
1018 482 1217 581 quod
1254 480 1346 553 ad
1382 506 1513 554 nos
1541 484 1792 557 attinet
1828 482 2110 556 solliciti
2131 510 2402 569 sumus,
2435 509 2528 557 ne
2559 486 2734 559 imm
2829 532 2832 540 ·

748 602 839 673 sis
883 601 1061 672 tanti
1108 600 1329 698 patris
1375 598 1738 673 beneflciis
1769 615 1838 672 et
1875 602 2144 673 meritis
2185 601 2440 695 ingrati
2477 616 2546 673 et
2597 602 2736 674 imn
2825 646 2832 659 ·

493 712 500 813 j
747 740 980 789 mores
1042 738 1535 813 appareamus„
1605 718 1762 787 Non
1817 715 2016 813 quod
2075 716 2316 788 omnia
2376 716 2651 811 egregia
2701 742 2740 809 e
2825 745 2832 788 ε

491 839 508 911 Γ
746 832 927 903 facta
984 830 1096 903 vel
1150 829 1397 903 laudes
1444 830 1581 901 hac
1626 829 1832 902 brevi
1883 830 2172 903 scedula
2226 829 2438 928 plene
2497 833 2740 930 possin
2825 860 2832 903 ε

491 942 494 969 '⁴
745 944 1377 1046 comprehendere,
1412 946 1679 1043 quippe
1705 946 1970 1044 quibus
1992 945 2424 1046 explicandis
2447 971 2596 1019 non
2630 973 2742 1047 pai
2825 976 2832 1020 :

745 1061 1110 1134 volumine
1161 1059 1273 1132 vel
1320 1058 1675 1134 mediocri
1725 1061 2010 1157 ingenio
2059 1085 2242 1159 opus
2297 1062 2390 1133 sit
2440 1088 2457 1132 ε
2509 1062 2744 1134 nimir!
2825 1090 2832 1133 ῑ

744 1200 910 1249 cum
938 1191 1009 1248 et
1043 1174 1225 1247 fama
1270 1176 1512 1247 minor
1550 1175 1850 1263 meriti5‚
1889 1191 1962 1248 et
2005 1175 2158 1247 laus
2199 1176 2584 1251 virtutibus
2625 1178 2747 1276 im]
2825 1205 2832 1248 ι

742 1292 1017 1363 existat.
1075 1290 1253 1379 Quis
1316 1292 1509 1362 enim
1572 1291 1724 1387 ejus
1777 1291 1996 1363 vitam
2050 1289 2269 1385 digno
2324 1294 2548 1390 possit
2591 1293 2746 1365 effe]
2825 1320 2832 1365 ε

740 1406 1151 1505 praeconio?
1182 1407 1359 1493 Quis
1386 1404 1571 1479 illius
1596 1430 1637 1476 a
1657 1406 2032 1505 juventute
2063 1408 2740 1503 magnanimitatem,
2825 1428 2832 1477 1

740 1536 890 1593 tam
938 1522 1013 1593 in
1062 1518 1279 1593 rebus
1330 1520 1816 1593 ecclesiasticis
1852 1546 2071 1619 quam
2102 1536 2174 1596 et:
2204 1520 2639 1595 secularibus
2687 1548 2750 1595 sa
2825 1552 2832 1595 ε

740 1636 965 1734 possit
1014 1636 1261 1709 mirari
1298 1635 1806 1734 prudentiam?
1835 1638 2051 1733 Cujus
2089 1636 2278 1709 circa
2331 1635 2655 1710 divinum
2701 1664 2752 1709 c]
2825 1681 2832 1693 -

742 1766 901 1823 tum
952 1750 1412 1847 vigilantiam,
1450 1751 1639 1823 circa
1697 1752 2009 1824 ecclesiae
2063 1767 2396 1825 ornatum
2446 1754 2754 1825 instantia
2825 1779 2832 1824 :

738 1890 957 1938 nemo
1011 1865 1446 1939 sufficienter
1490 1866 1773 1937 referet.
1828 1866 1961 1937 Cui
2005 1868 2362 1965 praecipua
2391 1892 2673 1966 semper
2717 1868 2754 1938 fi
2825 1885 2832 1935 ι

736 1983 1043 2055 intentio
1086 1983 1199 2055 vel
1248 1981 1569 2055 studium
1597 1976 1619 2014 ¹
1668 1995 1752 2053 ut
1797 1979 2042 2053 nobile
2089 1980 2280 2053 beati
2335 1982 2654 2080 Dionysii
2701 2008 2756 2053 11
2827 2026 2832 2033 -

736 2098 1131 2170 nasterium
1166 2096 1366 2169 omni
1404 2095 1626 2193 gloria
1673 2110 1746 2169 et
1774 2094 2050 2169 honore
2099 2096 2481 2190 attolleret,
2530 2097 2758 2193 religi(
2825 2122 2832 2167 ε

736 2212 1135 2306 ordinaret,
1181 2227 1251 2286 et
1288 2211 1659 2285 ecclesiam
1707 2209 2108 2283 redditibus
2151 2211 2590 2309 opulentam,
2625 2210 2760 2283 aedi
2825 2252 2832 2267 ·

734 2328 867 2399 ciis
946 2326 1371 2425 ampliorem
1387 2380 1407 2417 ‚
1478 2326 1922 2398 ornamentis
1996 2326 2408 2399 decoratam
2487 2324 2762 2399 redden
2828 2386 2832 2399 .

734 2442 959 2539 Cujus
994 2442 1095 2513 rei
1140 2441 1302 2513 luce
1332 2438 1632 2513 clariora
1667 2455 1912 2512 extant
1943 2439 2230 2531 indicia,
2261 2464 2490 2537 usque
2525 2440 2600 2511 in
2634 2440 2764 2513 fine
2825 2468 2832 2512 :

732 2554 961 2627 seculi
990 2578 1477 2654 permansura.
1522 2552 1728 2626 Unde
1770 2555 2116 2627 veraciter
2144 2568 2217 2627 et
2251 2578 2494 2627 secure
2541 2556 2766 2628 Domi1
2825 2580 2832 2627 :

626 2706 643 2719 ’
733 2670 1120 2745 decantare
1150 2685 1383 2771 potest
1417 2699 1433 2741 :
1476 2672 1807 2761 Domine,
1833 2668 2064 2742 dilexi
2087 2669 2406 2742 decorem
2444 2669 2691 2744 domus
2718 2687 2766 2743 tc
2825 2704 2830 2742 ε

730 2802 811 2859 et
846 2784 1077 2858 locum
1106 2786 1561 2859 habitationis·
1572 2784 1819 2885 glore'oe
1845 2801 1980 2859 ταας
1995 2789 2042 2857 ¹.
2069 2789 2386 2859 Acumen
2403 2787 2695 2883 ingenii,
2725 2788 2768 2859 li
2826 2832 2827 2836 =

732 2927 894 2999 guae
928 2904 1146 2994 nitor,
1186 2902 1583 2975 litterarum
1632 2901 1950 2993 scientia,
1985 2898 2303 2975 dictandi
2351 2902 2770 3000 scribendiq1

729 3018 993 3117 peritia
1014 3016 1227 3089 simul
1262 3030 1333 3091 et
1352 3016 1795 3112 singulariter
1818 3016 1892 3087 in
1917 3040 2006 3089 eo
2031 3015 2603 3117 resplendebant,
2633 3032 2711 3089 ut
2733 3042 2772 3087 v

728 3133 994 3230 aliquis
1018 3134 1228 3205 sciret
1242 3129 1418 3230 quid
1442 3131 1706 3204 horum
1733 3132 1808 3203 in
1840 3130 1965 3206 illo
1990 3134 2438 3233 potissimum
2459 3134 2772 3204 eminere

729 3272 905 3321 cum
938 3248 1015 3321 id
1046 3250 1265 3345 magis
1296 3248 1371 3319 in
1402 3246 1523 3319 illo
1552 3245 1878 3319 mirabile
1909 3246 2138 3319 videri
2162 3261 2439 3344 posset,
2477 3241 2677 3341 quod
2701 3268 2776 3315 n<

732 3378 962 3455 tente,
998 3388 1145 3437 non
1177 3364 1408 3454 anxie,
1444 3362 1570 3435 sed
1601 3361 1854 3434 eadem
1885 3386 2067 3460 pene
2099 3386 2242 3457 qua
2272 3357 2703 3457 loquebatur
2729 3382 2778 3429 o

732 3480 1024 3553 lex-itate
1048 3482 1072 3518 ⁸
1120 3476 1499 3551 scribebat.
1554 3482 1639 3549 In
1676 3478 1834 3574 ipso
1871 3500 2018 3547 non
2053 3474 2288 3545 solum
2321 3474 2660 3547 naturalis
2697 3498 2780 3546 m«

730 3596 993 3669 moriae
1023 3594 1320 3668 felicitas
1354 3590 1662 3691 vigebat,
1699 3588 1824 3662 sed
1873 3602 1946 3661 et
1991 3612 2106 3661 ars
2151 3613 2432 3663 summa
2461 3589 2558 3663 ad
2578 3594 2600 3629 ⁸
2647 3614 2782 3662 con

818 3880 847 3935 t
865 3919 879 3932 .
920 3877 1026 3931 Vel
1048 3876 1295 3931 studium
1324 3872 1531 3931 desunt
1555 3871 1618 3930 in
1645 3870 1740 3930 ed.
1771 3870 1901 3933 bar.
1927 3840 2016 3930 ¹de'
2034 3867 2272 3933 Altolio.

815 3974 879 4033 2.
912 3964 1123 4027 Psatm.
1152 3986 1297 4037 xxv,
1326 3986 1383 4023 v.
1412 3970 1473 4026 8.
1513 3998 1593 4013 —-
1635 3970 1695 4026 3.
1718 3968 2073 4037 Sceleritate,
2101 3962 2398 4037 mendose,
2421 3964 2552 4028 cod.
2583 3982 2691 4024 ms·

816 4067 879 4121 4.
912 4063 1011 4117 Aa
1037 4058 1195 4119 deest
1225 4059 1287 4119 in
1305 4059 1439 4119 edd.
1472 4056 1749 4118 Felibieni
1776 4070 1832 4117 et
1869 4057 2083 4117 Bened-
