3275 5317
964 564 1089 621 vu:
1130 564 1230 619 DE
1268 560 1493 621 Loms
1532 562 1629 621 LE
1669 562 1885 625 GROS.
2397 566 2473 622 95

364 724 405 761 «t
450 710 597 787 tua,
631 691 927 767 domine
962 694 1063 765 mi
1093 717 1243 787 rex,
1299 693 1375 765 in
1405 694 1549 766 hoc
1583 694 1928 766 scelerato
1977 707 2212 766 castro
2254 694 2478 768 scele-

369 839 407 877 α
442 810 829 883 ratissimos
869 808 1027 881 illos
1071 807 1457 901 demorari,
1506 809 1630 907 qui
1671 807 1828 881 solo
1865 809 2268 881 inferorum
2312 810 2476 883 loco

366 955 405 993 α
444 926 640 1021 digni
671 939 912 1017 erant3
946 924 1077 1015 illi,
1114 924 1436 1021 inquam,
1469 926 1595 1022 qui
1617 925 1990 997 occasione
2014 925 2215 1021 jussu
2243 942 2478 999 vestro

366 1072 407 1111 α
440 1042 711 1114 amissae
722 1041 1178 1131 communiae,
1202 1064 1353 1112 non
1378 1039 1612 1113 solum
1652 1040 2014 1113 civitatem
2045 1039 2476 1113 Laudunen-

365 1188 401 1224 «
448 1182 629 1249 sem,
660 1157 786 1230 sed
819 1172 891 1228 et
905 1154 1225 1228 nobilem
1244 1157 1491 1228 matris
1516 1157 1813 1229 Domini
1849 1181 2016 1229 cum
2049 1157 2292 1229 multis
2324 1158 2480 1230 aliis

367 1304 405 1343 α
444 1273 815 1346 ecclesiam
857 1273 1018 1370 igne
1048 1271 1598 1364 succenderunt,
1633 1272 1912 1345 nobiles
1965 1273 2299 1345 civitatis¹
2324 1273 2474 1346 fere

365 1418 403 1456 α
439 1413 720 1481 omnes,
744 1412 832 1461 eo
855 1387 1055 1486 quod
1076 1412 1243 1460 vera
1272 1387 1414 1461 fide
1428 1387 1806 1484 suffragari
1826 1387 2128 1461 domino
2154 1414 2284 1461 suo
2299 1390 2480 1463 inni-

364 1535 403 1572 «
438 1504 778 1577 tehantur
828 1505 1163 1603 episcopo
1190 1560 1209 1593 ,
1274 1520 1421 1577 tam
1460 1528 1672 1577 causa
1707 1528 1924 1602 quam
1964 1528 2177 1602 poena
2225 1520 2482 1601 marty-

365 1652 402 1689 «
444 1621 869 1709 risaverunt,
888 1620 1123 1718 ipsum
1138 1620 1553 1718 episcopum
1563 1619 1978 1692 Galdricum
1999 1617 2476 1692 venerabilem

364 1764 403 1803 α
442 1735 749 1808 ecclesiae
802 1736 1279 1829 defensorem,
1327 1760 1473 1807 non
1517 1736 1727 1807 veriti
1769 1759 2063 1806 manum
2093 1736 2374 1807 mittere
2400 1738 2474 1807 in

362 1882 399 1919 ιι
438 1850 797 1923 Christum
839 1851 1157 1941 Domini,
1200 1850 1686 1923 crudelissime
1737 1850 2275 1943 interfecerunt,
2320 1849 2480 1923 bes-

362 1992 402 2033 «
438 1964 557 2035 tiis
584 1962 863 2035 nudum
892 1979 965 2035 et
988 1962 1240 2035 avibus
1272 1964 1347 2035 in
1377 1964 1605 2062 platea
1638 1978 2144 2061 exposuerunt,
2175 1963 2478 2060 digitum

366 2108 407 2145 ε
446 2103 610 2149 cum
655 2076 923 2149 annulo
979 2077 1376 2177 pontificali
1425 2092 1970 2171 truncaverunt,
2024 2094 2099 2150 et
2123 2104 2288 2151 cum
2321 2081 2480 2177 ipso

366 2225 405 2261 α
444 2218 574 2265 suo
617 2194 1055 2290 nequissimo
1092 2216 1509 2290 persuasore
1550 2193 1826 2264 Thoma
1878 2193 2135 2265 turrim
2171 2205 2480 2266 vestram

361 2336 405 2379 a
444 2309 537 2383 ad
605 2313 821 2382 vestri
898 2307 1541 2381 exhaeredationem
1609 2332 1966 2405 occupare
2032 2322 2484 2381 concertave-

359 2454 400 2491 ε
437 2441 633 2498 runt.
662 2456 701 2493 n
755 2424 1149 2523 Dupliciter
1206 2446 1375 2517 ergo
1428 2446 1547 2493 rex
1619 2422 1999 2515 animatus,
2065 2422 2480 2495 sceleratum

350 2542 767 2637 aggreditur
817 2554 1158 2629 castrum,
1210 2535 1590 2635 disrumpit
1647 2538 1869 2608 instar
1902 2537 2298 2610 inferorum
2333 2564 2482 2637 poe-

352 2656 549 2728 nalia
582 2672 654 2727 et
686 2655 1024 2749 sacrilega
1058 2653 1243 2743 loca,
1279 2654 1696 2724 innocentes
1725 2651 2089 2725 dimittens
2133 2667 2206 2726 et
2230 2655 2480 2727 noxios

358 2770 774 2866 gravissime
803 2769 1133 2868 puniens.
1146 2773 1345 2839 Unus
1358 2766 1754 2839 multorum
1777 2768 1872 2864 inj
1881 2768 2066 2840 urias
2083 2769 2474 2859 ulciscitur,

354 2909 859 2983 quoscumque
912 2882 1437 2955 homicidarum
1488 2884 2090 2981 nequissimorum
2141 2884 2470 2974 offendit,

344 3000 645 3099 justitiae
704 2997 1113 3072 sitibundus
1154 3052 1175 3089 ,
1233 2998 1619 3071 milvorum
1657 3052 1678 3090 ,
1757 3023 2144 3072 corvorum
2194 3017 2268 3074 et
2327 3002 2479 3077 vul-

350 3130 599 3188 turum
644 3114 1010 3213 rapacitati
1064 3128 1351 3211 pastum
1397 3113 1798 3208 generalem
1827 3114 2280 3205 exhibenS,et
2297 3118 2480 3215 pati-

348 3228 530 3303 bulo
543 3229 733 3327 affigi
760 3229 1205 3329 praecipienS,
1230 3228 1407 3326 quid
1432 3244 1846 3303 mereantur
1866 3233 2084 3328 quiin
2112 3230 2477 3305 Christum

351 3348 651 3420 Domini
696 3370 993 3418 manum
1047 3346 1330 3417 mittere
1367 3369 1516 3419 non
1563 3362 1902 3420 verentur
1935 3347 2252 3421 edocuit.
2289 3347 2475 3419 Sub-

350 3464 575 3537 versis
607 3464 827 3560 igitur
856 3460 1275 3535 adulterinis
1312 3461 1639 3556 castellis,
1677 3463 1965 3535 easdem
1999 3462 2199 3535 villas
2231 3478 2478 3535 sancto

348 3578 663 3651 Johanni
694 3578 1097 3669 restituenS,
1132 3578 1493 3650 civitatem
1526 3577 2073 3653 Ambianensem
2087 3602 2469 3673 regressus,

352 3696 609 3767 turrim
642 3693 963 3792 ejusdem
1011 3693 1316 3764 civitatis
1372 3692 1541 3765 Adae
1586 3692 1959 3790 cujusdam
2005 3693 2315 3793 tyranni,
2354 3718 2472 3767 ec-

354 3810 601 3883 clesias
672 3824 744 3883 et
798 3823 1025 3882 totam
1079 3808 1417 3881 viciniam
1486 3807 1998 3907 dilapidantem
2015 3812 2061 3901 ⁸,
2127 3807 2407 3882 obsedit
2449 3836 2469 3882 ε

435 3991 494 4046 1.
528 3988 797 4049 Civitates
824 3989 964 4060 135,
998 3988 1181 4059 5925,
1207 3997 1265 4045 et
1292 3984 1431 4046 edd.
1460 3985 1665 4048 Germ.
1694 3998 1752 4044 et
1778 3984 1990 4047 Chesn.

432 4082 494 4141 2.
525 4080 619 4141 Sic
646 4080 818 4141 codd.
849 4097 1049 4139 omnes
1075 4090 1133 4139 et
1156 4079 1296 4138 edd.
1325 4109 1405 4123 —
1438 4082 1766 4138 Turrim...
1811 4080 2225 4156 dilapidantem
2275 4080 2475 4143 scribit

348 4192 459 4253 per
478 4173 881 4253 metonymiam
904 4171 1199 4253 sugerius.
1236 4174 1627 4249 Dilapidantis
1652 4171 1960 4250 legendum
1995 4173 2323 4236 existimant
2353 4179 2470 4235 Be·

348 4267 650 4331 nedictini.
