3275 5317
818 517 892 575 28
1248 514 1574 575 OEUVRES
1613 512 2039 572 COMPLETES
2076 514 2178 570 DE
2216 513 2483 577 SUGER.
2574 592 2583 602 ⁸

815 674 955 748 que
987 648 1268 721 defectu
1297 663 1371 719 et
1417 649 1566 746 ipse
1613 644 1781 719 Milo
1832 645 2117 736 defecit,
2175 662 2245 719 et
2298 647 2603 720 celerem
2651 650 2919 745 fugam,

815 766 1073 837 infecta
1105 763 1484 856 fauctione,
1515 762 1692 834 flens
1718 776 1787 834 et
1814 762 1873 859 ej
1884 760 2085 833 ulans
2102 762 2425 861 arripuit.
2450 768 2615 853 Quo
2642 765 2921 859 audito,

817 879 1154 951 dominus
1187 876 1582 951 Ludovicus
1611 873 1705 946 ad
1737 890 2047 947 castrum
2077 875 2443 949 celerrime
2473 878 2917 971 acceleravit,

815 1008 1321 1091 compertaque
1345 991 1665 1082 veritate,
1698 992 1863 1089 quia
1894 989 2076 1063 nihil
2094 991 2499 1090 perdiderat
2534 994 2941 1089 gaudebat,·

815 1123 887 1181 et
916 1108 1082 1206 quia
1102 1107 1436 1179 factiosos
1469 1131 1615 1179 non
1664 1107 2059 1200 invenerat,
2114 1122 2198 1179 ut
2244 1131 2366 1179 eos
2412 1109 2737 1206 patibulo
2761 1109 2925 1181 affi-

815 1238 1038 1319 geret,
1066 1221 1378 1295 dolebat.
1426 1220 1976 1295 Remanentibus
2006 1246 2207 1313 vero,
2243 1223 2411 1321 quia
2454 1224 2694 1296 Guido
2732 1225 2929 1322 jure-

808 1338 1120 1438 jurando
1143 1338 1571 1430 firmaverat,
1627 1363 1881 1437 pacem
1933 1337 2271 1411 dominus
2327 1337 2731 1412 Ludovicus
2782 1366 2926 1413 ser-

813 1455 1030 1527 vavit.
1066 1453 1207 1527 Sed
1230 1479 1322 1526 ne
1348 1453 1524 1552 quid
1560 1454 1792 1526 simile
1824 1453 2158 1551 deinceps
2190 1453 2636 1545 molirentur,
2692 1470 2925 1528 totam

811 1571 1022 1642 castri
1045 1571 1515 1643 munitionem
1539 1586 1795 1668 praeter
1827 1572 2085 1642 turrim
2113 1569 2391 1665 dejecit.

909 1690 1027 1757 IX.
1081 1684 1165 1756 1d
1231 1686 1416 1756 circa
1489 1685 1859 1783 temporis¹
1875 1740 1896 1777 ,
1966 1684 2313 1755 illustrem
2402 1683 2927 1756 Antiochenum

810 1798 1206 1896 principem
1235 1799 1757 1889 Boamundum‚
1786 1800 1901 1870 cui
1928 1798 2323 1897 specialiter
2354 1798 2471 1870 illa
2492 1799 2772 1896 potenti
2796 1798 2929 1870 obn

814 1911 1091 1984 sidione
1116 1914 1272 2013 ipsa
1303 1912 1622 2011 ejusdem
1648 1913 1871 2006 urbiS,
1918 1913 2015 1986 ob
2054 1919 2162 1985 sui
2192 1915 2707 2004 strenuitatem,
2754 1914 2923 1987 red-

814 2028 962 2101 dita
988 2043 1094 2101 est
1123 2030 1458 2121 munitio,
1488 2030 1784 2125 contigit
1802 2028 1893 2101 ad
1936 2044 2172 2127 partes
2216 2029 2582 2101 Gallorum
2623 2030 2922 2102 descen-

812 2145 1021 2237 disse,
1063 2147 1298 2219 virum
1330 2147 1514 2218 inter
1565 2146 1957 2219 orientales
2004 2148 2365 2242 egregium
2412 2162 2484 2219 et
2534 2146 2917 2236 famosum,

810 2263 1009 2359 cujus
1036 2261 1404 2359 quoddam
1432 2286 1879 2358 generosum,
1898 2277 1971 2334 et
1984 2262 2183 2360 quod
2204 2262 2731 2359 nunquamsine
2757 2262 2923 2335 diva

809 2402 1026 2450 manu
1071 2376 1229 2449 fieri
1260 2393 1523 2477 posset,
1559 2376 1827 2449 factum
1867 2377 2080 2448 etiam
2124 2378 2309 2448 inter
2347 2378 2537 2476 ipsos
2580 2377 2919 2477 praedica-

807 2492 1023 2568 batur
1049 2498 1490 2568 Sarracenos.
1528 2499 1710 2567 Cum
1751 2496 1945 2568 enim
1979 2520 2147 2567 cum
2197 2511 2399 2593 patre
2444 2522 2572 2569 suo
2608 2498 2922 2569 Roberto

809 2608 1282 2682 Guischardo²
1317 2610 1538 2682 forte³
1556 2610 2111 2682 transmarinum
2166 2609 2557 2683 obsedisset
2610 2626 2921 2683 castrum

806 2722 1308 2813 Durachium⁸,
1339 2749 1472 2797 nec
1501 2725 2163 2798 Thessalonicences
2194 2750 2403 2822 gazae,
2432 2751 2565 2798 nec
2603 2726 2919 2799 thesauri

810 2840 1599 2937 Constantinopolitani,
1654 2864 1787 2912 nec
1826 2841 1979 2940 ipsa
2015 2842 2275 2914 Graecia
2316 2856 2463 2913 tota
2498 2866 2619 2913 eos
2676 2866 2918 2913 arcere

810 2954 1110 3045 valeret,
1147 2951 1384 3025 subito
1425 2969 1586 3052 post
1635 2980 1757 3027 eos
1815 2955 2345 3029 transfretantes
2396 2955 2673 3029 domini
2715 2982 2918 3055 papae

811 3068 1186 3141 Alexandri
1212 3069 1444 3165 legati,
1490 3070 1615 3167 qui
1646 3070 1781 3142 'eos
1818 3086 1890 3143 et
1942 3072 2279 3144 charitate
2334 3072 2465 3144 Dei
2522 3088 2593 3145 et
2652 3072 2920 3168 obliga-

813 3184 1006 3256 tione
1065 3183 1367 3256 hominii
1419 3186 1815 3283 adjurando
1870 3186 2363 3277 submoneant,
2401 3188 2777 3281 assistunt3
2838 3204 2920 3261 ut

811 3298 1118 3372 ecclesiae
1143 3304 1474 3373 Romanae
1522 3316 1591 3373 et
1645 3301 1945 3375 domino
1977 3326 2176 3401 papae
2212 3304 2288 3374 in
2336 3319 2532 3375 turre
2577 3307 2917 3377 Crescen-

812 3416 1020 3489 tiani⁸
1047 3416 1322 3489 incluso
1353 3416 1444 3491 ab
1479 3418 1905 3519 imperatore
1923 3420 2250 3519 eripiant,
2270 3419 2727 3493 devotissime
2756 3446 2919 3521 sup-

894 3677 953 3733 1.
996 3676 1108 3731 Per
1139 3676 1286 3732 idem
1324 3688 1540 3751 tempus
1577 3676 1813 3753 contigit
1836 3676 1970 3735 cod.
2002 3677 2143 3749 133,
2172 3676 2335 3750 cujus
2365 3674 2461 3735 hic
2488 3678 2799 3737 secundum
2828 3677 2919 3739 in-

817 3763 955 3845 cipit
1000 3768 1401 3845 fragmentum.
1450 3770 1521 3827 Id
1567 3782 1686 3849 est,
1712 3770 2021 3829 secundum
2054 3769 2321 3830 orderici
2360 3770 2561 3831 Vitalis
2592 3772 2913 3846 historiam,

813 3878 1010 3920 mense
1031 3860 1237 3921 martio
1265 3862 1402 3921 anni
1435 3865 1606 3922 2106.

894 3954 952 4015 2.
999 3955 1306 4011 Guiscardo
1335 3954 1474 4026 543,
1501 3964 1568 4012 ut
1589 3966 1649 4014 ct
1678 3954 1853 4015 infra.

890 4047 950 4105 3.
996 4044 1088 4103 Sic
1111 4049 1225 4105 135
1254 4058 1312 4105 et
1335 4046 1476 4108 edit.
1508 4080 1590 4093 —-
1617 4050 1766 4107 Fere
1798 4046 1859 4107 in
1883 4048 2052 4127 reliq.
2085 4050 2338 4129 quinque
2365 4050 2539 4113 codd.

892 4140 951 4199 4.
989 4141 1268 4212 Durazzo,
1295 4140 1358 4199 in
1381 4138 1646 4201 Albania.

895 4234 952 4289 5.
973 4232 1058 4290 Ita
1084 4230 1340 4311 quinque
1359 4234 1528 4297 codd.
1559 4246 1618 4294 ct
1640 4234 1775 4299 edd.
1800 4268 1879 4285 -·
1897 4240 2211 4297 &mentia
2233 4240 2344 4299 133
2358 4270 2454 4302 .—-
2478 4242 2556 4299 At
2580 4236 2639 4297 in
2654 4238 2914 4318 utrisque
