3275 5317
759 528 836 583 10
1201 522 1528 579 OEnvnns
1570 502 1999 581 comam-Es
2038 523 2139 579 m:
2178 492 2453 580 suana.

757 656 1036 749 augtiva
1055 662 1108 746 ¹,
1145 652 1528 750 impatiens
1557 652 2024 723 venationum
2056 665 2129 723 et
2166 648 2611 723 ludicrorum
2639 654 2873 749 pueri-

757 769 960 859 lium,
999 766 1258 866 quibus
1289 782 1453 838 aetas
1479 764 1893 863 hujusmodi
1923 765 2241 839 lascivire
2278 781 2351 838 et
2393 790 2591 837 arma
2636 764 2872 839 dedis-

758 910 918 958 cere
948 884 1370 957 consuescit.
1410 887 1745 980 Dumque
1771 882 2167 955 multorum
2204 883 2405 978 regni
2450 883 2873 981 optimatum

759 1018 832 1073 et
865 1002 1136 1098 egregie
1162 1000 1597 1095 magnanimi
1617 998 1800 1095 regis
1830 998 2225 1094 Anglorum
2258 996 2681 1091 Guillelmv,
2720 1024 2873 1071 ma-

760 1117 1223 1213 gnanimioris
1251 1114 1612 1187 Guillelmi
1638 1116 1825 1210 regis
1858 1112 2008 1205 filii,
2036 1115 2427 1209 Anglorum
2462 1112 2867 1207 domitoriS,

757 1234 1204 1307 infestatione
1235 1232 1566 1328 agitatur,
1603 1230 1832 1304 robur
1870 1228 2245 1328 probitatis
2296 1246 2619 1329 vaporat,
2674 1255 2873 1304 exer-

757 1351 929 1423 citio
981 1350 1232 1423 virtus⁸
1292 1346 1588 1437 arridet,
1666 1345 1999 1417 inertiam
2060 1360 2381 1417 removet
2400 1400 2419 1435 ,
2483 1345 2878 1444 prudentiae

758 1465 1087 1537 oculum*
1109 1464 1365 1561 aperit,
1419 1462 1655 1534 otium
1699 1459 2046 1552 dissolvit,
2086 1460 2645 1533 sollicitudinem
2680 1486 2875 1533 acce-

755 1582 957 1655 lerat.
1009 1578 1431 1651 Guillelmus
1455 1581 1476 1615 ⁸
1508 1576 1864 1675 siquidem
1907 1601 2033 1647 rex
2082 1576 2475 1671 Anglorum
2522 1578 2680 1649 usui
2737 1577 2877 1649 mi-

757 1698 923 1770 litiae
947 1711 1182 1793 aptus,
1207 1692 1437 1766 laudis
1459 1718 1743 1783 avaruS,
1760 1694 2106 1789 famaeque
2126 1691 2412 1790 petitor,
2432 1718 2625 1784 cum,
2655 1691 2877 1767 exhae-

758 1812 1008 1883 redato
1027 1810 1296 1907 majore
1311 1823 1482 1880 natu
1502 1807 1843 1915 Robertq⁸
1860 1808 2074 1880 fratre
2098 1831 2257 1900 su0,
2281 1808 2463 1905 patri
2483 1807 2874 1881 Guillelmo

761 1926 1061 1999 feliciter
1087 1924 1556 2015 successisset,
1584 1938 1655 1995 et
1694 1939 1861 2022 post
1891 1922 2209 2021 ejusdem
2234 1922 2473 1995 fratris
2498 1923 2611 1994 sui
2634 1924 2878 1995 Hiero·

761 2040 1114 2137 solymam
1166 2039 1687 2138 profectionem
1751 2038 2093 2111 ducatum
2160 2040 2611 2110 Normanniae
2683 2038 2875 2112 obti-

759 2160 1055 2249 nuisset‚
1095 2157 1275 2231 sicut
1302 2156 2117 2255 ejusdem-Nomanniae
2148 2156 2448 2231 ducatus
2476 2182 2549 2229 se
2581 2158 2880 2255 porrigit

761 2277 1098 2351 marchiis
1121 2280 1144 2316 ⁷
1205 2276 1405 2373 regni
1458 2275 1913 2369 collimitans,
1974 2274 2547 2373 quibuscumque
2599 2289 2881 2372 poterat

761 2394 996 2467 modis
1050 2394 1406 2467 famosum
1446 2392 1817 2490 juvenem⁸
1858 2389 2221 2463 nitebatur
2267 2391 2709 2488 impugnare.
2780 2390 2881 2461 Si-

763 2509 1026 2583 militer
1055 2524 1126 2581 et
1156 2508 1592 2585 dissimiliter
1620 2508 1805 2579 inter
1854 2531 1979 2579 eos
2034 2505 2485 2579 certabatur:
2526 2504 2873 2596 similiter,

844 2760 906 2819 1.
947 2760 1148 2815 Actio-a
1200 2758 1380 2822 6265.
1415 2788 1498 2801 —
1534 2758 1751 2814 Nativa
1792 2756 1990 2832 59253
2030 2773 2205 2833 quam
2258 2752 2566 2815 lectionem
2604 2752 2703 2812 dat
2758 2751 2881 2833 ipse

765 2848 1048 2908 Chesnius
1072 2847 1132 2906 in
1153 2852 1344 2907 textus
1371 2848 1462 2907 sui
1489 2845 1773 2925 margine.

845 2945 908 2999 2.
947 2944 1210 3004 Wilelmt‘
1247 2942 1426 3001 5925.
1453 2971 1535 2987 —
1566 2944 1844 2999 Guilermae·
1883 2942 2039 3001 6265
2084 2952 2144 2999 et
2189 2944 2412 3001 12710.
2442 2940 2553 3000 Hic
2588 2952 2674 2999 est
2708 2938 2885 2999 Guil-

763 3034 970 3094 lelmus
992 3034 1071 3104 11,
1101 3034 1306 3092 Rufus.

847 3131 909 3187 3.
956 3130 1168 3184 Virtuti
1226 3130 1255 3185 1
1271 3129 1345 3188 35
1371 3138 1546 3205 atque
1573 3128 1710 3188 edd.
1736 3126 2077 3187 Germanica
2102 3139 2159 3187 et
2187 3128 2527 3188 Chesniana.

847 3222 908 3280 4.
959 3222 1190 3277 Oculum
1219 3218 1380 3279 deest
1401 3219 1462 3279 in
1489 3220 1661 3281 codd.
1692 3224 1833 3295 543,
1864 3225 2005 3293 135,
2036 3224 2255 3294 12710,
2278 3234 2453 3301 atque
2474 3222 2536 3281 in
2564 3221 2656 3282 ed.
2681 3222 2882 3284 Germ.

849 3319 906 3375 5.
951 3314 1064 3371 fflc
1103 3312 1356 3391 primum
1403 3313 1609 3394 incipit
1648 3317 2031 3394 fragmentum
2080 3314 2227 3374 vitae
2264 3314 2544 3376 Ludovici
2585 3315 2781 3376 Grossi
2822 3316 2884 3373 in

767 3407 898 3467 cod.
934 3410 1047 3465 133
1077 3418 1433 3480 contentum,
1462 3409 1619 3487 quod
1652 3408 1685 3467 ὁ
1714 3407 1937 3487 Sugerii
1964 3406 2182 3487 scripto
2217 3420 2509 3469 mutuatus
2538 3421 2627 3469 est
2652 3408 2883 3469 Willel-

767 3520 896 3559 mus
918 3498 1465 3575 MalmesburiensiS,
1495 3502 1818 3582 Anglorum
1840 3500 2339 3580 chronographus.

851 3596 912 3654 6.
952 3590 1239 3652 Robertus
1264 3596 1347 3667 11,
1375 3592 1494 3653 dux
1523 3592 1921 3665 Normanniae,
1949 3592 2139 3653 dictus
2167 3598 2616 3655 Courte-Heuse.

852 3691 912 3748 7.
953 3688 1212 3765 Mar-giis
1258 3689 1408 3761 543,
1441 3691 1558 3747 135
1595 3700 1655 3747 et
1692 3689 1911 3755 12710.
1938 3720 2019 3732 —
2045 3692 2297 3767 Masgiis
2338 3693 2504 3765 regni
2540 3690 2880 3761 allimicans,

771 3778 864 3839 ed.
892 3778 1091 3841 Germ.
1107 3812 1180 3825 --
1201 3782 1424 3840 Desunt
1447 3780 1510 3841 in
1537 3782 1672 3839 cod.
1707 3780 1823 3839 133
1851 3781 2119 3839 marchiis
2138 3784 2303 3860 regni
2326 3783 2681 3839 collimitans.

853 3874 913 3933 8.
951 3876 1068 3931 Pro
1116 3873 1350 3934 vocibus
1399 3877 1677 3951 famosum
1720 3883 1981 3948 juvenem
1996 3918 2014 3948 ,
2062 3874 2194 3935 cod.
2249 3877 2359 3934 133
2412 3874 2587 3933 habet
2622 3894 2635 3931 ε
2676 3877 2885 3951 Regem

773 3971 1115 4027 Francorum
1149 3970 1513 4039 Luciam-um,
1553 3969 1735 4044 filium
1776 3970 2063 4045 Philippi.
2092 4000 2172 4013 --·-
2193 3965 2550 4027 Ludovicum
2580 3986 2719 4025 vero
2770 3984 2887 4024 non

772 4072 1034 4139 tempore
1075 4060 1366 4121 Guillelmi
1403 4060 1560 4139 Rufi,
1601 4062 1703 4121 sed
1746 4062 2025 4121 duntaxat
2062 4074 2269 4121 octavo
2312 4080 2463 4121 anno
2508 4060 2671 4139 regni
2721 4064 2885 4119 Hen-

774 4152 880 4212 rici
920 4156 970 4232 1,
1005 4155 1326 4235 Anglorum
1354 4156 1530 4237 regis,
1561 4155 1708 4216 solio
1746 4156 2119 4217 sublimatum
2158 4175 2283 4216 esse
2310 4156 2447 4216 satis
2479 4154 2747 4215 omnibus
2786 4152 2883 4212 in-

773 4256 980 4307 notuit.
