3275 5317
978 586 1103 641 vlss
1143 585 1241 641 DE
1279 584 1504 643 LOUIS
1541 586 1635 643 LE
1675 584 1893 645 GROS.
2109 602 2115 607 '
2417 590 2489 648 1⁷

384 728 643 787 exeunt
689 713 815 811 qui
859 716 1200 787 comitem
1237 715 1703 809 conveniant,
1756 714 2319 790 extraordinarie
2378 742 2493 791 ex-

382 828 727 927 poliatum
763 828 1121 901 ordinarie
1154 830 1390 901 vestiri
1418 852 1543 902 ore
1590 829 1981 903 defensoris
2040 831 2485 930 praecipiant,

385 944 478 1016 de
510 944 670 1041 jure
691 942 766 1015 in
788 946 984 1015 curia
1017 945 1170 1041 ejus
1201 944 1695 1018 ratiocinando
1723 960 1917 1018 certa
1949 945 2065 1018 die
2089 945 2484 1021 decertent.

383 1058 598 1147 Quod
618 1049 786 1131 cum
826 1059 1218 1150 refutasset,
1269 1060 1516 1134 ulcisci
1560 1061 1896 1133 festinans
1932 1061 2289 1152 defensor,
2338 1062 2488 1135 col-

380 1172 562 1246 lecto
611 1175 923 1247 exercitu
977 1174 1233 1265 multe,
1283 1175 1358 1247 in
1414 1201 1581 1248 eum
1631 1176 1849 1249 exiliit
1903 1204 1921 1249 t
1976 1176 2491 1275 praefatumque

381 1300 691 1363 castrum
728 1288 1170 1387 aggrediens»,
1219 1290 1444 1363 modo
1493 1291 1741 1377 armis,
1780 1291 2001 1365 modo
2046 1293 2207 1389 igne
2248 1293 2489 1392 impu·

383 1428 628 1498 gualis,
657 1404 894 1477 multo
926 1396 1306 1500 congressu
1335 1406 1787 1506 expugnavit,
1830 1408 2230 1505 turrimque
2258 1408 2491 1505 ipsam

380 1520 677 1593 militari
709 1520 1029 1593 custodia
1063 1521 1394 1615 munivit,
1434 1537 1505 1596 et
1549 1523 1905 1595 munitam
1944 1524 2225 1620 Hugoni
2241 1578 2263 1616 ,
2308 1524 2491 1598 sicut

379 1636 888 1736 spoponderat,
920 1636 1274 1708 restituit¹.

476 1754 598 1823 IV.
637 1755 873 1824 Movet
915 1750 1170 1824 itidem
1218 1753 1605 1825 exercitum
1655 1753 1750 1826 ad
1792 1752 1988 1826 aliud
2018 1752 2339 1851 ejusdem
2372 1776 2493 1825 co·

386 1867 572 1939 mitis
599 1882 912 1941 castrum
947 1866 1240 1939 nomine
1271 1867 1744 1960 Canliacum'‚
1784 1870 2086 1941 tentoria
2123 1869 2299 1965 figit,
2344 1894 2492 1942 ma-

379 1980 626 2053 chinas
664 1983 1216 2080 impugnatorias
1255 1984 1507 2056 instrui
1547 1985 1905 2083 praecepit.
1952 1990 2222 2056 Verum
2258 1985 2489 2058 multo

382 2096 587 2169 aliter
613 2121 828 2194 quam
859 2096 1187 2195 sperabat
1220 2100 1501 2172 evenire
1565 2101 1883 2197 contigit.
1928 2104 2195 2173 Mutata
2221 2100 2489 2197 quippe

382 2224 578 2305 grata
601 2210 782 2282 aeris
810 2211 1180 2308 temperie,
1214 2211 1482 2307 ingrata
1504 2224 1572 2281 et
1597 2210 2009 2283 turbulenta.
2039 2210 2491 2306 intemperies

381 2326 690 2418 emersit,
728 2339 1066 2422 tantoque
1102 2340 1176 2396 et
1201 2340 1346 2397 tam
1372 2322 1704 2397 horribili
1727 2325 2105 2423 impluvio,
2132 2326 2491 2396 tonitruo-

379 2465 542 2513 rum
595 2440 1086 2537 coruscatione
1147 2453 1376 2511 totam
1427 2452 1692 2510 terram
1748 2439 1825 2510 in
1871 2453 2085 2510 nocte
2128 2438 2482 2529 turbavit,

379 2557 766 2629 exercitum
797 2555 1061 2644 affecit,
1097 2577 1324 2650 equos
1365 2552 1653 2642 cecidit,
1681 2566 1763 2624 ut
1789 2553 1906 2623 vix
1928 2554 2163 2624 vivere
2190 2552 2486 2652 quidam

383 2694 634 2741 eorum
665 2682 1055 2767 sperarent.
1093 2672 1258 2757 Quo
1302 2665 1729 2740 intolerabili
1759 2666 2083 2757 horrore,
2118 2692 2286 2740 cum
2324 2668 2485 2765 qui-

381 2784 556 2857 dam
581 2784 672 2856 de
689 2784 1092 2857 exercituin
1123 2807 1376 2855 aurora
1406 2781 1657 2878 fugam,
1674 2783 2094 2855 matutinam
2122 2797 2479 2880 pararent,

378 2899 814 2973 dormitante
845 2898 1080 2971 adhuc
1113 2897 1490 2970 defensore
1520 2898 1593 2969 in
1624 2898 2009 2996 papilione,
2047 2897 2295 2970 dolose
2326 2911 2482 2969 ten-

379 3017 578 3088 toriis
622 3018 802 3112 ignis
857 3030 964 3087 est
1009 3012 1424 3113 applicitus⁸
1463 3042 1479 3085 ε
1528 3038 1614 3085 ex
1646 3036 1819 3110 quo,
1857 3014 2023 3109 quia
2064 3014 2344 3109 signum
2377 3026 2485 3082 est

377 3130 784 3222 recedendi,
817 3128 1054 3202 subito
1082 3130 1431 3202 exercitus
1455 3144 1604 3200 tam
1630 3130 1913 3201 incaute
1945 3153 2163 3226 quam
2188 3128 2485 3202 confuse

379 3246 565 3318 exire
601 3246 954 3337 festinant,
990 3245 1434 3343 inopinatam
1465 3244 1936 3317 recessionem
1956 3242 2419 3317 formidantes
2430 3244 2480 3332 ⁴,

375 3384 508 3433 nec
543 3360 718 3459 quid
755 3361 875 3434 alii
903 3360 1057 3433 aliis
1100 3359 1472 3432 conferant
1503 3360 1972 3432 attendentes.
2009 3363 2340 3446 Quorum
2374 3358 2485 3428 in-

376 3498 594 3549 cursu
624 3476 968 3575 praecipiti
1004 3475 1378 3573 multoque
1407 3474 1719 3547 clamore
1767 3474 2103 3547 dominus
2144 3472 2491 3570 stupefac-

374 3607 516 3684 ωε,
548 3616 869 3689 quaerens
899 3590 1078 3689 quid
1118 3603 1323 3681 esset,
1361 3614 1547 3687 equo
1582 3590 1824 3661 insiliit
1861 3617 1877 3659 :
1911 3604 2075 3688 post
2100 3590 2487 3661 exercitum

375 3706 738 3799 festinans,
781 3707 948 3804 quia
985 3706 1134 3803 jam
1169 3705 1725 3801 circumquaque
1758 3703 2055 3801 dispersi
2109 3718 2337 3795 erant,
2375 3727 2494 3775 re·

380 3820 636 3895 ducere
663 3822 866 3894 nullo
902 3819 1126 3895 modo
1155 3820 1396 3894 valuit.
1431 3818 1624 3908 Quid
1655 3818 1851 3892 aliud
1885 3817 2147 3893 faceret
2175 3820 2491 3893 famosus

455 4016 515 4073 1.
557 4016 728 4072 Anno
759 4014 940 4073 1102.
966 4044 1043 4058 -
1063 4016 1124 4073 2.
1167 4006 1354 4091 Vulgo
1385 4010 1659 4085 Chambly
1683 4008 1899 4091 (Oise).

456 4107 516 4166 3.
563 4108 901 4181 Applicatus
930 4106 1067 4177 135,
1094 4110 1271 4183 atque
1292 4104 1431 4165 edit.
1466 4105 1667 4164 Germ.

458 4198 522 4264 4,
564 4202 871 4273 Sper-antes
900 4198 1038 4269 135,
1064 4194 1316 4275 itemque
1351 4195 1488 4258 edd.
1519 4196 1720 4256 Germ.
1746 4208 1805 4255 et
1830 4194 2082 4269 chesnii,
2106 4195 2211 4276 qni
2244 4196 2304 4259 in
2344 4216 2501 4259 mar-

257 4302 278 4309 ”
373 4292 510 4378 gine
540 4294 645 4354 dat
679 4292 854 4355 etiam
879 4296 1274 4372 formidantes.
