3275 5317
512 619 613 678 DE
651 622 747 678 LA
790 608 1353 682 cousssanrloN
1390 625 1491 680 nn
1532 623 2030 685 SAINT-DENIS.
2233 626 2350 684 229

232 752 545 825 berrima
585 750 676 823 ad
742 750 1113 823 libandum
1177 754 1355 842 Dec,
1422 777 1579 849 quae
1632 778 2003 851 nunquam
2081 756 2351 830 ibidem

234 870 491 958 suerat,
548 868 979 961 erigeremus
1036 891 1265 955 aram,
1318 866 1445 940 ubi
1510 870 1791 941 Summi
1859 870 2240 944 Pontifices
2281 888 2355 945 et

235 1008 559 1082 personae
585 984 958 1054 autenticae
992 981 1331 1079 suffragio
1355 1008 1639 1074 eorum,
1676 984 1802 1082 qui
1846 986 2116 1085 seipsos
2143 984 2353 1059 holo-

235 1115 564 1172 caustum
600 1096 1039 1170 odoriferum
1063 1102 1216 1171 Deo
1248 1098 1695 1191 obtulerunt,
1712 1100 2091 1200 placabiles
2115 1118 2185 1175 et
2201 1108 2354 1177 Deo

233 1212 703 1313 acceptabiles
736 1212 1003 1286 hostias
1030 1213 1286 1287 offerre
1317 1230 1749 1287 mereantur.
1791 1216 1922 1288 Cui
1955 1217 2169 1288 etiam
2188 1243 2356 1291 cum

236 1329 549 1403 tabulam
576 1353 896 1417 auream,
936 1328 1379 1401 mediocrem
1415 1344 1656 1401 tamen
1704 1330 2022 1403 defectus
2062 1333 2352 1431 pusilla-

232 1446 553 1517 nimitate
578 1468 997 1542 praeponere
1038 1446 1594 1543 proposuissem,
1647 1460 1914 1519 tantam
1959 1448 2140 1533 auri,
2193 1463 2351 1521 tan·

236 1576 383 1633 tam
438 1582 885 1655 gemmarum
918 1560 1594 1658 pretiosissimarum
1645 1560 2084 1660 inopinatam
2121 1578 2191 1635 et
2235 1566 2349 1635 vix

230 1676 403 1775 ipsis
450 1674 735 1769 regibus
785 1675 1205 1749 existentem
1236 1676 1517 1773 copiam
1564 1676 1698 1774 ipsi
1747 1678 1969 1749 sancti
2010 1681 2354 1775 Martyres

232 1789 445 1861 nobis
472 1790 1071 1889 propinaverunt,
1109 1815 1193 1862 ac
1217 1792 1275 1863 si
1304 1791 1517 1863 nobis
1552 1815 1681 1863 ore
1717 1791 1810 1863 ad
1857 1818 1938 1865 os
1974 1792 2352 1891 loqueren-

238 1921 382 1977 tur:
404 1935 441 1973 κ
460 1906 646 1977 Velis
662 1906 871 1997 noliS,
888 1908 1240 2006 optimam
1259 1932 1419 1980 eam
1433 1908 1765 1981 volumus
1778 1938 1798 2001 ;
1809 1938 1844 1976 n
1875 1925 1958 1982 ut
1975 1935 2132 1983 eam
2149 1912 2354 1984 aliter

232 2046 457 2119 quam
494 2020 900 2093 mirabilem
936 2038 1010 2094 et
1049 2020 1254 2095 valde
1283 2025 1668 2122 pretiosam
1698 2039 1850 2095 tam
1883 2050 2100 2123 opere
2132 2053 2351 2125 quam

230 2138 534 2208 materia
583 2136 865 2210 efficere
909 2152 1034 2208 aut
1071 2163 1219 2209 non
1262 2138 1690 2210 auderemus
1731 2154 1855 2211 aut
1901 2165 2049 2212 non
2087 2142 2353 2213 valere-

228 2254 453 2324 mus¹.
496 2256 741 2350 Neque
776 2253 971 2324 enim
1000 2252 1131 2350 ipsi
1161 2252 1558 2351 pontiflceS,
1601 2254 1870 2350 quibis
1909 2254 2186 2349 egregie
2217 2280 2354 2352 pro
2385 2296 2392 2307 ·

226 2366 453 2440 officii
489 2368 597 2440 sui
630 2367 969 2463 dignitate
1012 2368 1417 2466 potiuntur,
1459 2368 1771 2440 annulos
1812 2368 2026 2438 etiam
2069 2370 2357 2466 pontifi-

224 2482 418 2556 cales
451 2482 764 2554 mirabili
793 2482 1277 2580 pretiosorum
1302 2482 1625 2581 lapidum
1657 2482 1996 2554 varietate
2046 2507 2356 2579 gemma-

224 2613 347 2669 tos
399 2598 637 2670 eidem
698 2598 1072 2693 imponere
1131 2596 1391 2669 tabulae
1439 2612 1820 2695 praesentes
1875 2596 2348 2693 abnegabant,

222 2737 489 2785 verum
513 2710 837 2782 absentes
858 2735 901 2781 a
932 2712 1420 2783 transmarinis
1452 2712 1670 2783 etiam
1696 2711 2049 2809 partibuS,
2074 2728 2356 2786 sancto-

218 2852 399 2899 rum
420 2829 816 2924 Martyrum
845 2850 1089 2898 amore
1121 2828 1423 2918 invitati,
1468 2827 1666 2900 ultro
1697 2826 2139 2923 delegabant.
2198 2833 2354 2926 lpse

222 2944 449 3015 etiam
506 2966 628 3013 rex
690 2941 995 3039 inclytus
1044 2942 1447 3040 perlucidas
1515 2958 1584 3015 et
1638 2942 1936 3015 maculis
1987 2942 2354 3017 distinctas

225 3058 741 3153 smaragdineS‚
798 3082 1039 3130 eomes
1086 3056 1538 3131 Theobaldus
1585 3058 1944 3156 jacinthos
1968 3114 1988 3149 ,
2025 3059 2346 3151 rubetOS,

226 3174 613 3270 optimates
660 3188 730 3243 et
781 3173 1143 3271 principes
1193 3172 1648 3246 diversorum
1693 3173 2018 3247 colorum
2065 3190 2140 3247 et
2176 3176 2350 3247 vali-

228 3287 573 3360 tudinum
623 3288 972 3386 pretiosas
1014 3288 1434 3385 margaritas
1491 3288 1681 3361 ultro
1745 3288 2150 3380 offerenteS‚
2219 3315 2353 3361 nos

230 3404 425 3499 ipsos
455 3400 548 3473 ad
585 3402 1068 3501 peragendum
1107 3402 1409 3498 gloriose
1427 3404 1851 3476 invitabant.
1883 3408 2222 3477 Praeterea
2251 3419 2355 3477 tot

232 3516 518 3587 venales
571 3515 663 3587 ab
729 3516 1069 3590 omnibus
1130 3542 1312 3615 pene
1368 3534 1721 3590 terrarum
1772 3518 2098 3616 partibus
2145 3516 2354 3588 nobis

232 3630 746 3724 afferebantur,
811 3648 885 3705 et
944 3632 1137 3705 unde
1191 3656 1307 3705 eas
1353 3659 1752 3707 emeremus
1814 3637 1969 3705 Deo
2041 3632 2356 3704 donante

234 3746 769 3838 offerebantur,
828 3760 909 3818 ut
954 3772 1069 3820 eas
1108 3750 1261 3819 sine
1295 3748 1571 3846 pudore
1624 3772 1888 3841 magno
1941 3761 2014 3816 et
2059 3748 2355 3819 Sancto-

235 3886 403 3932 rum
439 3862 715 3933 offensa
747 3860 1109 3935 dimittere
1139 3866 1621 3961 nequiremus.
1659 3862 1790 3931 Hic
1814 3876 1883 3931 et
1923 3858 2068 3931 alil,
2149 3885 2358 3958 expe-

242 3978 369 4049 riri
407 3978 774 4077 potuimus
821 4004 837 4047 ε
888 3979 979 4049 sit
1016 3976 1295 4051 bonum
1348 4004 1529 4076 opus
1566 3978 1635 4047 in
1674 3975 2063 4066 voluntate,
2106 4002 2187 4047 ex
2229 3980 2358 4051 Dei

245 4094 610 4189 adjutorio
638 4095 775 4165 erit
797 4095 871 4165 in
899 4094 1360 4192 perfectione.
1406 4098 1559 4166 Hoc
1587 4095 1829 4189 itaque
1856 4110 2358 4166 ornamentum

326 4332 388 4387 1.
416 4327 505 4389 Cf.
533 4326 743 4387 librum
768 4328 997 4407 Sugerii
1029 4332 1119 4387 De
1151 4328 1269 4390 reb.
1305 4336 1365 4387 in
1378 4336 1484 4386 sua
1509 4329 1802 4387 administ.
1835 4339 2007 4405 gest„
2036 4345 2164 4406 cap,
2199 4344 2361 4384 xxxi.
