3275 5317
835 549 911 605 94
1244 545 1572 605 oeuvnsss
1614 528 2041 603 commas
2083 545 2186 601 na
2225 544 2496 603 susan.

833 677 1097 771 clesia¹,
1132 692 1211 750 ut
1241 678 1315 748 in
1355 676 1591 766 hostes
1628 676 1779 747 veri
1815 675 2056 774 sponsi
2086 678 2247 747 Jesu
2293 676 2554 749 Christi
2582 674 2703 748 hic
2729 677 2944 749 etiam

826 793 1077 889 judicii
1106 791 1501 891 primordia
1530 807 1602 864 et
1640 791 2122 864 damnativam
2154 792 2612 890 promulgare
2655 794 2944 891 incipiat

832 908 1284 996 sententiam,
1305 906 1729 982 venerabilis
1769 922 2028 979 sanctae
2062 930 2374 980 romanae
2421 907 2734 981 ecclesiae
2768 908 2946 1003 lega-

834 1038 947 1095 tus
974 1027 1210 1095 Cono'
1244 1024 1710 1096 Praenestinus
1747 1025 2146 1123 episcopus,
2183 1024 2731 1097 innumerarum
2781 1022 2943 1121 pul-

834 1156 1025 1212 satus
1076 1140 1395 1213 molestia
1450 1138 1904 1238 querelarum
1925 1197 1947 1232 ,
1998 1139 2454 1212 ecclesiarum
2479 1198 2498 1225 ,
2545 1164 2948 1238 pauperum

834 1270 906 1327 et
935 1256 1451 1355 orphanorum,
1516 1254 2064 1327 devexationum
2109 1255 2260 1353 ejus
2295 1256 2749 1353 tyrannidem
2780 1280 2942 1327 mu·

832 1395 1050 1444 crone
1072 1370 1261 1443 beati
1292 1370 1501 1461 Petri,
1524 1371 1977 1444 anathemate
2011 1370 2280 1443 scilicet
2297 1372 2639 1467 generali,
2661 1371 2952 1444 detrun-

837 1511 1031 1579 cans,
1085 1484 1448 1583 cingulum
1513 1484 1892 1557 militarem
1943 1488 2008 1557 ei
2065 1485 2232 1559 licet
2274 1485 2552 1559 absenti
2609 1486 2944 1581 decingit,

834 1602 929 1674 ab
979 1604 1179 1674 omni
1232 1602 1511 1674 honore
1569 1616 1912 1699 tanquam
1973 1602 2422 1692 sceleratum,
2493 1603 2942 1690 infamatum,

835 1834 1035 1905 Tanti
1072 1834 1317 1930 itaque
1355 1831 1641 1904 concilii
1677 1856 1802 1903 rex
1837 1848 2168 1905 exoratus
2199 1833 2722 1931 deploratione,
2763 1834 2951 1907 citis-

836 1948 1014 2019 sime
1066 1948 1138 2019 in
1172 1972 1339 2019 eum
1373 1963 1613 2019 movet
1648 1950 2067 2042 exercitum3
2106 1966 2179 2021 et
2236 1949 2456 2042 clero,
2513 1952 2628 2023 cui
2669 1974 2951 2048 semper

836 2062 1237 2136 humillime
1275 2062 1617 2154 haerebat,
1667 2067 2072 2156 comitatuS,
2114 2066 2526 2139 Creciacum
2559 2067 2948 2139 munitissi-

837 2204 1041 2251 mum
1072 2193 1385 2251 castrum
1418 2179 1735 2270 divertit,
1770 2195 2212 2252 armatorum
2259 2182 2758 2279 potentissima
2789 2207 2948 2254 ma·

834 2319 963 2386 nu,
1001 2295 1174 2392 quin
1208 2294 1447 2392 potius
1484 2294 1754 2385 divina,
1803 2295 2168 2395 inopinate
2208 2312 2526 2371 castrum
2575 2303 2946 2399 occupat⁸,

836 2410 1090 2481 turrim
1138 2409 1598 2481 fortissimam
1649 2432 1736 2481 ac
1773 2410 1833 2481 si
1863 2413 2300 2485 rusticanum
2335 2414 2703 2509 tugurium
2733 2440 2952 2513 expu-

838 2539 1031 2619 gnat,
1090 2526 1467 2597 sceleratos
1528 2523 1931 2617 confundit,
1992 2528 2254 2626 impios
2313 2530 2428 2627 pie
2477 2531 2814 2621 trucidat,
2881 2546 2954 2603 et

837 2665 1045 2738 quos,
1086 2640 1252 2737 quia
1288 2640 1891 2713 immisericordes
1916 2641 2248 2735 offendit,
2283 2644 2948 2719 immisericorditer

839 2755 1241 2829 detruncat.
1281 2755 1573 2828 Videres
1605 2770 1924 2828 castrum
1955 2781 2039 2830 ac
2075 2760 2132 2830 si
2175 2761 2337 2856 igne
2368 2761 2700 2833 conflari*
2737 2761 2951 2833 infer-

839 2872 1008 2961 nali,
1042 2888 1123 2944 ut
1156 2872 1355 2944 fateri
1373 2898 1520 2944 non
1543 2869 1904 2945 differres:
1935 2874 2292 2975 Pugnabit
2300 2902 2446 2974 pro
2477 2904 2560 2949 eo
2586 2876 2778 2951 orbis
2811 2894 2948 2949 ter·

840 3012 1087 3058 rarum
1115 3004 1365 3059 contra
1396 2990 1850 3060 insensatos⁸.

936 3105 1085 3173 Hac
1136 3103 1353 3198 igitur
1391 3102 1665 3201 potitus
1711 3104 2038 3195 victoria,
2085 3129 2449 3180 successus
2487 3132 2739 3204 urgere
2783 3134 2953 3183 suos

837 3231 1239 3316 promptus,
1278 3242 1444 3290 cum
1472 3218 1567 3291 ad
1590 3217 1786 3291 aliud
1815 3236 2126 3293 castrum
2153 3221 2449 3295 nomine
2476 3226 2956 3321 Novigentum

838 3331 1293 3429 tetendisset,
1342 3334 1543 3407 adest
1576 3335 1705 3431 qui
1753 3335 1818 3407 ei
1846 3336 2105 3409 referat
2141 3364 2160 3409 ε
2208 3369 2243 3406 α
2279 3340 2568 3413 Noverit
2593 3342 2954 3414 Serenitas

916 3592 944 3649 1
962 3634 977 3651 .
1017 3589 1337 3651 Concilium
1373 3589 1776 3652 Bellovacense
1791 3636 1810 3667 ,
1849 3604 2055 3654 contra
2097 3595 2412 3657 Henricum
2452 3602 2503 3657 V
2541 3598 2952 3679 imperatorem

836 3696 1265 3763 congregatum,
1292 3683 1389 3743 die
1410 3690 1569 3745 sexta
1598 3686 1944 3763 decembris,
1971 3706 2124 3747 anno
2155 3692 2337 3769 1114,
2363 3692 2775 3771 inauguratum
2797 3706 2910 3757 est.

914 3780 977 3836 2.
1005 3781 1153 3838 Ceno
1185 3780 1324 3841 135.
1354 3810 1434 3824 —
1460 3785 1621 3839 Nono
1649 3782 1877 3853 12710;
1907 3791 2151 3859 uterque
2175 3784 2468 3845 mendose.

917 3874 977 3934 3.
1006 3874 1175 3929 Anno
1204 3875 1273 3932 11
1286 3875 1313 3929 1
1326 3876 1386 3943 5,
1435 3885 1703 3932 currente
1737 3874 2174 3953 quadragesima
2193 3920 2212 3951 ,
2245 3873 2414 3957 juxta
2450 3880 2954 3943 Benedictinorum

844 3964 1206 4025 sententiam.

915 4062 975 4120 4.
1022 4060 1385 4137 Conflagmre‘
1430 4057 1586 4119 solus
1643 4059 1929 4120 recentior
1964 4060 2098 4122 cod.
2149 4066 2336 4139 6265,
2383 4063 2549 4147 cujus
2588 4066 2958 4130 Benedictini

834 4148 1137 4211 lectionem
1164 4150 1469 4211 admisere.

917 4246 975 4304 5.
1002 4243 1130 4303 Lib.
1164 4243 1446 4323 Sapient.,
1471 4263 1536 4317 v,
1564 4246 1631 4303 21
1678 4263 1692 4302 τ
1726 4244 2008 4324 Pugnabit
2036 4267 2158 4307 cum
2181 4268 2246 4307 eo
2271 4250 2442 4330 orbis,
2471 4264 2585 4315 etc.
