3275 5317
868 497 985 555 ¹114
1300 491 1623 551 OEuvans
1662 473 2084 549 commiss
2125 490 2223 545 ns
2261 489 2532 551 suom.

866 627 1131 701 tissime
1155 623 1565 724 spopondit.
1602 624 1726 695 His
1749 623 1961 718 igitur
1992 636 2411 693 exoneratus
2437 635 2508 692 et
2539 621 2672 692 Dei
2707 622 2972 693 miseri·

867 741 1108 816 cordia
1156 739 1505 838 perfusus,
1560 737 1958 810 humillime
1989 737 2185 809 flexis
2218 735 2516 833 genibus
2551 752 2716 809 ante
2742 762 2968 809 sacra-

868 858 1215 929 tissimum
1259 878 1519 953 corpus
1580 868 1652 925 et
1697 853 2108 949 sanguinem
2162 852 2455 924 Domini
2515 852 2740 924 nostri
2809 857 2848 923 J
2851 878 2970 923 esu

869 970 1126 1044 Christi
1187 968 1337 1065 (qui
1370 969 1561 1041 enim
1585 992 1754 1039 mox
1781 967 2068 1039 missam
2105 966 2665 1054 celebraverant,
2703 968 2879 1041 illuc
2909 970 2968 1039 ei

869 1110 1035 1159 cum
1081 1083 1532 1183 processione
1581 1083 1839 1155 devote
1891 1082 2356 1181 attulerant),
2399 1083 2473 1154 in
2505 1082 2694 1155 hanc
2726 1084 2871 1155 oris
2903 1098 2968 1154 et

870 1199 1104 1273 cordis
1125 1222 1310 1271 verae
1340 1212 1411 1270 et
1457 1198 1819 1271 catholicae
1837 1197 2298 1271 confessionis
2324 1221 2602 1288 vocem,
2638 1224 2786 1269 non
2816 1213 2967 1269 tan-

870 1340 1087 1415 quam
1104 1314 1492 1405 illiteratuS,
1524 1313 1652 1386 sed
1671 1328 2010 1411 tanquam
2035 1313 2579 1386 litteratissimus
2604 1312 2970 1407 theologus

873 1430 1229 1528 erumpit:
1271 1460 1306 1497 α
1346 1433 1495 1524 Ego
1538 1445 1873 1528 peccator
1923 1428 2326 1501 Ludovicus
2371 1427 2718 1501 confiteor
2747 1454 2966 1500 unum

878 1574 915 1613 α
967 1560 1039 1617 et
1067 1569 1317 1616 verum
1355 1548 1590 1615 Deum
1620 1547 1903 1616 Patrem
1935 1559 2008 1616 et
2036 1542 2293 1616 Filium
2333 1559 2403 1616 et
2435 1544 2784 1642 Spiritum
2815 1568 2965 1615 san-

876 1690 911 1727 «
964 1673 1186 1749 ctum,
1242 1684 1459 1731 unam
1490 1682 1576 1731 ex
1611 1659 1748 1731 hac
1775 1674 2016 1732 sancta
2035 1660 2374 1732 Trinitate
2420 1684 2833 1758 personam,
2872 1660 2964 1729 vi-

876 1804 911 1843 «
965 1774 1219 1847 delicet
1261 1775 1705 1872 unigenitum
1756 1791 1828 1848 et
1858 1775 2534 1850 consubstantialem
2587 1792 2661 1849 et
2691 1791 2966 1848 coaeter-

878 1920 915 1959 α
952 1916 1129 1963 num
1189 1891 1321 1961 Dei
1389 1890 1609 1963 Patris
1669 1891 1950 1983 Filium,
2022 1891 2112 1964 de
2171 1891 2638 1965 sacratissima
2695 1893 2964 1988 Virgine

879 2035 916 2074 α
966 2006 1185 2077 Maria
1229 2004 1702 2100 incarnatum,
1738 2032 2050 2105 passum,
2085 2022 2453 2079 mortuum
2491 2022 2561 2079 et
2589 2006 2958 2105 sepultum,

879 2150 915 2187 ι
963 2120 1171 2191 tertia
1210 2118 1326 2191 die
1364 2122 1854 2213 resurrexisse,
1904 2122 2120 2194 coelos
2151 2119 2574 2210 ascendisse,
2619 2120 2713 2192 ad
2747 2121 2964 2193 dexte·

882 2264 915 2301 e<
968 2258 1124 2307 ram
1149 2235 1282 2306 Dei
1312 2236 1537 2309 Patris
1566 2236 1978 2330 consedere,
2015 2238 2215 2310 vivos
2232 2252 2304 2310 et
2321 2252 2644 2310 mortuos
2664 2252 2962 2310 extremo

880 2376 917 2419 «
968 2364 1042 2423 et
1087 2373 1349 2446 magno
1400 2350 1674 2448 judicio
1717 2352 2054 2449 judicare.
2119 2356 2317 2425 Hanc
2375 2368 2616 2425 autem
2671 2353 2964 2425 sacratis·

882 2493 917 2533 α
970 2465 1126 2537 simi
1187 2467 1508 2565 corporis
1558 2463 1738 2564 ejus¹
1795 2468 2302 2541 Eucharistiam
2358 2468 2536 2540 illud
2583 2468 2780 2540 idem
2829 2492 2957 2539 cre-

878 2606 916 2649 «
970 2579 1207 2651 dimus
1223 2604 1481 2679 corpus
1508 2582 1705 2679 quod
1723 2600 2165 2683 assumptum
2193 2597 2296 2655 est
2322 2583 2414 2656 de
2440 2583 2755 2679 Virgine,
2785 2579 2963 2679 quod

880 2724 917 2764 α
970 2695 1335 2794 discipulis
1376 2698 1519 2770 suis
1542 2698 1636 2771 ad
1677 2698 2311 2773 confoederandum
2367 2714 2439 2771 et
2485 2698 2880 2771 uniendum
2907 2710 2966 2767 et

883 2839 920 2878 α
970 2810 1044 2882 in
1084 2834 1157 2882 se
1189 2814 1794 2886 commanendum
1823 2814 2287 2889 contradidit.
2339 2817 2547 2885 Hunc
2595 2812 2963 2886 sacratissi-

882 2950 917 2988 «
971 2948 1173 2997 mum
1204 2930 1644 3023 sanguinem,
1677 2930 1878 3001 illum
1928 2930 2242 3003 eundem
2292 2930 2421 3027 qui
2454 2929 2546 3003 de
2580 2928 2806 3001 latere
2836 2928 2965 3023 ejus

885 3068 921 3105 α
974 3040 1047 3111 in
1081 3066 1294 3116 cruce
1325 3044 1703 3142 pendentis
1733 3046 2054 3139 defluxit,
2079 3062 2150 3120 et
2182 3030 2586 3119 firmissime
2617 3044 2963 3137 credimus

884 3180 921 3219 α
973 3169 1046 3226 et
1100 3180 1225 3229 ore
1288 3174 1359 3232 et
1410 3160 1631 3233 corde
1691 3160 2142 3254 confitemur,
2186 3161 2472 3259 hocque
2529 3160 2960 3235 securissimo

884 3297 921 3336 α
972 3269 1231 3344 viatico
1284 3272 1653 3347 decessum
1708 3292 2036 3350 nostrum
2085 3278 2377 3370 muniri,
2435 3292 2509 3350 et
2547 3290 2800 3349 contra
2835 3300 2966 3349 om-

882 3410 920 3449 «
972 3408 1141 3457 nem
1196 3388 1457 3462 aeriam
1538 3406 1962 3488 potestatem
2053 3394 2440 3467 certissima
2535 3394 2966 3493 protectione

882 3526 919 3567 α
960 3498 1245 3575 defendi
1271 3520 1769 3604 praeoptamus.
1799 3511 2029 3581 »Cum
2047 3524 2289 3582 autem
2320 3490 2598 3582 cunctis
2620 3508 2966 3583 admiran-

878 3613 1093 3706 tibus,
1132 3618 1312 3692 facta
1342 3621 1659 3720 primum
1689 3639 2145 3722 peccatorum
2171 3625 2639 3717 confessione,
2675 3624 2968 3697 devotis-

876 3728 1053 3802 sime
1085 3736 1369 3832 corpori
1414 3751 1483 3809 et
1516 3738 1834 3833 sanguini
1859 3744 2024 3812 Jesu
2065 3740 2326 3813 Christi
2357 3740 2960 3825 communicasset,

877 3858 1217 3943 tanquam
1266 3850 1455 3924 illico
1501 3853 1988 3927 convalescere
2042 3856 2418 3955 incipiens,
2466 3854 2560 3929 ad
2619 3880 2962 3929 cameram

879 3958 1129 4055 rediit,
1175 3966 1517 4065 omnique
1569 3969 1916 4043 saecularis
1975 3971 2323 4071 superbiae
2380 3972 2642 4070 rejecta
2689 3997 2964 4072 pompa,

961 4210 1021 4267 1.
1052 4214 1193 4281 Esus
1220 4215 1505 4278 omittitur
1526 4218 1589 4279 in
1616 4220 1748 4281 cod.
1775 4224 1952 4284 6265.
