3275 5317
139 4428 152 4499 ,Γ

141 4500 146 4589 Ι,

546 740 691 797 SUR
728 740 871 797 SON
911 738 1549 797 ADMINISTRATION
1588 740 2024 799 ABBA‘HALE.
2231 742 2352 802 195

222 872 364 945 bus
380 871 958 963 convocavimus,
992 871 1147 969 qui²
1178 885 1251 944 et
1274 869 1652 968 diligenter
1687 886 1761 945 et
1795 895 2082 945 morose
2117 872 2352 946 fabri-

224 987 461 1062 cando
526 1012 816 1061 crucem
886 985 1374 1061 venerabilem
1451 988 1772 1087 ipsarum
1847 990 2348 1063 ammiratione

224 1129 671 1203 gemmarum
690 1118 883 1176 retro
903 1102 1335 1195 attollerent,
1365 1118 1439 1175 et
1468 1119 1660 1195 ante,
1691 1104 2026 1178 videlicet
2052 1106 2127 1177 in
2159 1131 2348 1178 con-

224 1236 475 1319 spectu
533 1219 993 1295 sacrificantis
1049 1218 1439 1293 sacerdotis
1454 1274 1477 1311 ,
1530 1219 2008 1293 adorandam’
2053 1222 2345 1295 Domini

224 1336 611 1410 Salvatoris
662 1337 1049 1433 imaginem
1104 1336 1183 1407 in
1215 1334 1716 1409 recordatione
1771 1337 2118 1436 passionis
2190 1337 2342 1435 ejus

228 1468 571 1551 tanquam
618 1467 691 1526 et
731 1452 971 1524 adhuc
1018 1452 1411 1550 patientem
1462 1452 1537 1524 in
1600 1477 1815 1524 cruce
1873 1468 2340 1527 ostentarent.

224 1569 503 1643 Eodem
533 1592 703 1642 sane
736 1567 900 1641 loco
915 1566 1168 1640 beatus
1193 1566 1577 1665 Dionysius
1615 1570 2022 1667 quingentis
2050 1571 2254 1642 annis
2280 1585 2352 1642 et

228 1712 315 1759 eo
344 1686 679 1785 amplius,
729 1684 1063 1759 videlicet
1099 1710 1142 1755 a
1192 1699 1520 1783 tempore
1565 1685 1950 1783 Dagoberti
1988 1711 2215 1785 usque
2255 1686 2351 1759 ad

222 1818 469 1875 nostra
500 1816 853 1900 tempora,
864 1803 1206 1898 jacuerat.
1231 1806 1471 1875 Unum
1486 1809 1847 1901 jocosum,
1873 1800 2000 1875 sed
2034 1804 2342 1877 miracu-

227 1918 383 1991 lum
412 1916 656 1991 nobile
673 1920 721 2011 ',
744 1916 943 2015 quod
981 1941 1196 2015 super
1209 1917 1323 1990 his
1353 1919 1672 1991 ostendit
1701 1917 1914 1991 nobis
1954 1919 2308 1991 Dominus
2325 1973 2346 2007 ,

224 2032 363 2105 sub
408 2032 692 2106 silentio
723 2032 1080 2131 praeterire
1120 2032 1487 2106 nolumus.
1542 2037 1727 2105 Cum
1768 2032 1964 2106 enim
1999 2030 2352 2106 baererem

224 2147 525 2244 penuria
556 2170 1027 2243 gemmarum,
1074 2171 1209 2220 nec
1251 2172 1469 2246 super
1509 2147 1656 2221 hoc
1699 2147 2140 2221 sufficienter
2167 2146 2352 2219 mihi

224 2262 609 2362 providere
651 2263 961 2337 valerem
996 2262 1289 2365 (raritas
1341 2265 1536 2337 enim
1590 2288 1711 2339 eas
1745 2266 2056 2337 cariores
2105 2263 2338 2361 facit),

225 2403 397 2453 ecce
430 2378 745 2453 duorum
789 2379 1132 2453 ordinum
1190 2379 1411 2451 trium
1460 2378 1918 2453 abbatiarum
1933 2430 1954 2470 ,
2011 2376 2350 2451 videlicet

225 2494 659 2568 Cistellensis
684 2510 756 2567 et
781 2495 1075 2568 alterius
1095 2492 1401 2567 abbatiae
1430 2493 1755 2592 ejusdem
1775 2493 2053 2567 ordinis
2084 2508 2158 2565 et
2173 2497 2355 2565 Fon-

222 2610 317 2682 tis
346 2608 640 2682 Ebraldi
656 2662 677 2701 ,
708 2608 1146 2682 camerulam
1176 2624 1497 2682 nostram
1544 2608 1858 2683 ecclesiae
1887 2607 2354 2681 inhaerentem

216 2725 600 2818 intrantes„
637 2748 1084 2820 gemmarum
1118 2726 1429 2824 copiam,
1474 2724 1808 2797 videlicet
1840 2724 2348 2822 jacinctorum,

215 2838 715 2939 saphirorum,
773 2839 1225 2932 rubetorum,
1276 2838 1832 2937 smaragdinum,
1876 2842 2348 2940 topaziorum,

214 2972 573 3057 quantam
598 2982 727 3057 per
755 2958 1185 3032 decennium
1202 2957 1525 3031 invenire
1540 2958 1843 3031 minime
1858 2958 2347 3058 sperabamuS,

216 3072 609 3147 emendam
639 3073 855 3147 nobis
888 3073 1329 3148 obtulerunt.
1358 3074 1501 3162 Qui
1530 3089 1774 3147 autem
1803 3098 1920 3146 eas
1951 3072 2347 3164 habebant,

214 3215 259 3261 a
296 3190 560 3263 comite
582 3189 1001 3263 Theobaldo
1021 3190 1157 3263 sub
1190 3191 1643 3288 eleemosyna
1672 3188 2163 3279 obtinuerant,
2223 3188 2354 3287 qui

218 3329 265 3377 a
305 3304 649 3378 thesauris
678 3306 1014 3379 avunculi
1056 3307 1169 3380 sui
1205 3307 1389 3403 regis
1422 3306 1710 3378 Henrici
1756 3304 2118 3399 defuncti,
2173 3328 2354 3402 quas

218 3420 299 3492 in
334 3420 786 3496 mirabilibus
817 3422 1069 3522 cuppis
1098 3436 1255 3496 toto
1289 3436 1614 3521 tempore
1638 3421 1804 3495 vitae
1827 3446 1970 3495 suae
1987 3442 2356 3515 congesse-

220 3549 342 3607 rat
362 3593 383 3629 ,
422 3560 552 3635 per
586 3562 879 3611 manum
908 3538 1253 3637 Stephani
1295 3538 1532 3611 fratris
1564 3538 1676 3610 sui
1715 3538 1900 3633 regis
1938 3532 2198 3630 anglici
2235 3556 2348 3603 re-

221 3668 539 3749 ceperat.
577 3658 719 3728 Nos
750 3680 839 3726 au
848 3668 995 3727 tem
1042 3679 1263 3728 onere
1300 3654 1851 3753 quaerendarum
1899 3671 2349 3747 gemmarum

221 3769 617 3861 exonerati,
663 3771 921 3867 gratias
962 3774 1120 3844 Deo
1162 3771 1574 3863 referenteS,
1631 3783 1888 3868 quater
1931 3776 2226 3837 centum
2261 3760 2352 3837 li-

220 3882 423 3977 braS,
457 3910 627 3959 cum
658 3885 822 3986 plus
864 3887 1033 3961 satis
1062 3888 1406 3982 valerent,
1457 3911 1595 3986 pro
1645 3885 1748 3957 eis
1794 3880 2150 3955 dedimus·

323 4004 469 4074 Nec
499 4027 617 4075 eas
636 4003 899 4098 solum,
916 4028 1171 4078 verum
1195 4005 1413 4079 etiam
1436 4001 1742 4077 multam
1759 4013 1829 4072 et
1853 4012 2350 4097 sumptuosam

308 4284 337 4338 1
356 4322 373 4337 .
402 4282 529 4357 Quo
548 4279 690 4341 edit.
720 4280 957 4353 chesn„
978 4282 1083 4343 sed
1112 4279 1406 4342 mendose.

305 4374 369 4431 2.
406 4374 773 4432 Adorandmn
798 4372 933 4433 cod.
964 4392 1073 4434 ms,
1110 4404 1191 4420 —
1222 4374 1327 4433 Ad
1354 4370 1669 4431 ornandam
1688 4368 1830 4433 odit.
1854 4368 2064 4433 chesn.

358 4506 375 4524 .
421 4463 626 4526 Nobile
657 4470 993 4526 miraculum
1018 4464 1157 4525 edd.
