3275 5317
574 588 675 643 nr:
716 588 813 643 LA
854 574 1407 645 consscaA'rmN
1448 588 1548 644 DE
1587 586 2084 648 sAlNT-DENIS.
2287 590 2398 650 221

290 732 767 809 extraxerunt,
830 740 1131 814 eamque
1182 718 1489 789 ecclesiae
1555 716 1898 789 fabricam
1965 720 2038 789 in
2089 718 2408 817 plaustro

288 831 845 906 destinaverunt.
887 831 1094 903 Unde
1137 856 1266 931 per
1307 846 1533 905 totam
1570 832 2022 932 propalatum
2089 849 2196 906 est
2243 835 2411 907 vici-

284 950 485 1021 niam
546 953 703 1022 Deo
770 948 1249 1047 omnipotenti
1308 948 1451 1021 hoc
1518 973 1702 1046 opus
1773 946 2170 1021 admodum
2251 950 2405 1048 pla-

284 1088 478 1156 cere,
530 1089 699 1137 cum
751 1063 842 1137 ad
898 1062 1189 1135 laudem
1242 1078 1313 1135 et
1356 1062 1655 1159 gloriam
1687 1064 2002 1136 nominis
2046 1064 2156 1136 sui
2185 1063 2300 1136 his
2331 1080 2406 1139 et

282 1178 700 1277 hujusmodi
780 1179 1207 1275 intersigniis
1289 1180 1441 1275 ejus
1516 1178 2012 1280 operatoribus
2109 1180 2400 1275 elegerit

283 1319 501 1394 opem
535 1295 836 1368 deferre.

382 1409 829 1483 Secundatur
846 1426 921 1483 et
930 1409 1126 1483 aliud
1139 1409 1381 1483 nobile
1408 1411 1680 1483 factum
1699 1412 2046 1484 memoria
2065 1410 2392 1507 dignum,

281 1526 623 1597 relatione
636 1526 1131 1624 conspicuum,
1165 1525 1583 1599 auctoritate
1626 1526 2190 1624 praedicandum.
2229 1532 2398 1599 Per-

280 1656 444 1715 acto
504 1640 858 1739 siquidem
911 1666 1167 1739 magna
1220 1664 1307 1713 ex
1364 1656 1567 1740 parte
1597 1667 1839 1740 opere,
1890 1657 1964 1719 et
2011 1644 2400 1742 compactis

279 1758 456 1830 novi
491 1772 563 1829 et
600 1758 875 1856 antiqui
911 1756 1191 1831 aedificii
1230 1757 1599 1849 tabulatiS,
1634 1782 2040 1856 magnoque
2071 1758 2398 1857 deposito

279 1898 501 1971 quem
551 1872 675 1946 diu
720 1874 1201 1949 habueramus
1240 1874 1526 1964 timore,
1576 1890 1873 1973 propter
1922 1872 2080 1946 illas
2121 1874 2400 1973 patulas

276 1991 731 2088 antiquarum
770 1992 1244 2063 maceriarum
1280 1990 1520 2080 rimas,
1553 2012 1982 2087 magnorum
2026 1990 2394 2090 capitello-

278 2130 447 2177 rum
477 2120 547 2177 et
574 2104 859 2178 basium
892 2102 1265 2177 columnas
1306 2103 1840 2202 deportantium
1873 2105 2396 2205 disruptionem
2435 2165 2440 2171 .

280 2220 673 2313 exhilarati,
710 2220 1043 2319 deaptare
1095 2218 1674 2293 sollicitabamur.
1712 2224 2038 2318 Cumque
2076 2246 2212 2319 pro
2253 2236 2396 2293 tra·-

278 2334 483 2409 bium
516 2337 929 2409 inventione
977 2352 1127 2409 tam
1152 2348 1441 2409 nostros
1468 2360 1688 2433 quam
1730 2336 2150 2408 Parisienses
2175 2334 2398 2431 ligno-

277 2474 445 2524 rum
462 2452 767 2526 artifices
784 2451 1413 2543 consuluissemus,
1444 2474 1875 2548 responsum
1897 2450 2110 2524 nobis
2130 2466 2236 2524 est
2261 2474 2398 2550 pro

274 2590 533 2639 eorum
590 2567 1111 2639 existimatione
1160 2590 1435 2655 verum,
1474 2566 1547 2637 in
1581 2564 1848 2639 finibus
1897 2566 2050 2639 istis
2105 2580 2399 2665 propter

270 2682 621 2754 silvarum
670 2683 989 2781 inopiam
1034 2682 1333 2753 minime
1375 2682 1680 2754 inveniri
1707 2705 1945 2781 posse,
1979 2680 2092 2753 vel
2125 2680 2219 2753 ab
2255 2684 2398 2753 Au-

274 2796 770 2869 tissiodorensi
790 2820 974 2895 pago
990 2796 1390 2869 necessario
1417 2795 1674 2869 devehi
1691 2810 2046 2895 oportere.
2073 2800 2396 2893 Cumque

272 2936 533 2985 omnes
580 2912 655 2984 in
696 2912 840 2985 hoc
898 2912 1055 3012 ipso
1094 2926 1599 3003 consonarent,
1649 2936 1926 3010 nosque
1983 2936 2199 3012 super
2250 2912 2393 2987 hoc

272 3042 423 3099 tam
453 3050 591 3125 pro
620 3026 886 3099 laboris
927 3026 1426 3125 magnitudine
1460 3051 1682 3126 quam
1725 3053 1862 3127 pro
1900 3028 2134 3128 operis
2181 3027 2392 3125 longa

270 3140 629 3216 delatione
654 3166 1137 3239 gravaremur,
1174 3157 1388 3217 nocte
1419 3143 1762 3240 quadam,
1805 3168 1848 3215 a
1878 3145 2392 3219 matutinarum

270 3257 621 3355 obsequio
658 3282 1041 3355 regressus,
1073 3258 1261 3331 lecto
1290 3259 1605 3354 cogitare
1635 3260 1821 3359 coepi
1869 3261 2226 3359 meipsum
2261 3284 2393 3360 per

270 3397 525 3445 omnes
558 3374 873 3472 partium
921 3374 1217 3447 istarum
1249 3374 1461 3447 silvas
1492 3373 1760 3449 debere
1801 3375 2217 3476 procedere,
2255 3377 2388 3447 cir-

266 3512 728 3586 cumquaque
756 3488 1215 3589 perlustrare,
1266 3512 1501 3562 moras
1533 3489 1700 3563 istas
1731 3505 1805 3562 et
1835 3490 2143 3582 labores,
2177 3489 2237 3560 si
2267 3488 2389 3561 hic

266 3603 571 3677 inveniri
600 3619 917 3704 possent,
949 3604 1302 3677 alleviare.
1334 3608 1641 3702 Moxque
1669 3606 1948 3703 rejectis
1979 3606 2170 3678 curis
2199 3600 2382 3689 aliis,

264 3744 558 3792 summo
590 3743 802 3792 mane
848 3720 1223 3819 arripiens,
1260 3744 1430 3792 cum
1475 3720 1935 3820 carpentariis
1965 3733 2037 3790 et
2069 3716 2386 3789 trabium

264 3835 620 3907 mensuris
671 3834 767 3907 ad
823 3834 1073 3908 silvam
1119 3859 1279 3933 quae
1334 3835 1597 3909 dicitur
1634 3834 1917 3907 Ivilina¹
1967 3832 2388 3907 acceleravi-

262 3971 451 4020 mus.
503 3951 831 4048 Cumque
868 3974 998 4049 per
1038 3964 1297 4023 terram
1338 3965 1659 4024 nostram
1704 3948 2190 4048 Capreolensis
2232 3949 2386 4023 val-

262 4060 353 4134 lis
396 4064 888 4158 transiremus,
924 4064 1165 4140 accitis
1182 4065 1661 4141 servientibus
1689 4066 1954 4140 nostris
1977 4082 2386 4142 nostrarum

346 4296 408 4353 1.
432 4295 522 4353 De
544 4292 655 4353 hac
673 4292 835 4369 silva,
868 4314 923 4357 v.
956 4296 1155 4375 supra,
1188 4314 1249 4375 p.
1283 4298 1421 4358 165.
