3275 5317
864 583 977 641 124
1298 582 1622 639 OEUVRES
1663 578 2092 637 cowPLETES
2135 579 2231 635 DE
2272 577 2538 636 SUGER.

862 712 1373 789 commoditate
1430 710 1748 809 equitare
1836 734 1967 785 nec
2030 709 2240 784 vellet
2294 734 2424 781 nec
2485 724 2754 809 posset,
2817 711 2967 809 ipse

863 846 1110 903 contra
1140 828 1534 901 multorum
1559 832 1574 867 ¹
1608 828 2007 900 amicorum
2029 826 2570 916 dissuasionem,
2617 826 2796 897 mira
2825 826 2968 895 ani-

864 945 1192 1017 mositate
1220 944 1653 1043 rapiebatur,
1697 957 1767 1015 et
1803 941 2001 1039 quod
2047 942 2181 1040 ipsi
2217 942 2431 1014 etiam
2465 944 2764 1037 juvenes
2801 940 2973 1011 hor-

864 1059 1144 1152 rebant,
1182 1060 1455 1133 aestivos
1488 1058 1672 1155 junii
1706 1073 1778 1131 et
1817 1057 2094 1153 augusti
2160 1058 2466 1129 tolerans
2505 1056 2805 1147 caloreS,
2839 1057 2972 1127 im-

860 1177 1208 1274 patientes
1232 1174 1556 1247 calorum
1585 1173 1894 1263 deridet,
1929 1198 2096 1244 cum
2125 1174 2373 1271 saepius
2400 1195 2569 1245 enm
2597 1172 2974 1269 angustiis*

862 1292 1237 1390 paludum,
1272 1292 1446 1363 locis
1476 1290 1900 1381 fortissimis,
1950 1314 2250 1362 suorum
2277 1291 2558 1363 lacertis
2595 1290 2974 1362 sustentari

865 1420 1247 1504 oporteret.
1296 1411 1515 1479 Erant
1534 1407 1609 1477 in
1643 1407 1794 1503 ejus
1827 1404 2279 1503 expeditione
2307 1429 2549 1479 comes
2575 1422 2978 1506 praepotens

865 1520 1305 1593 Flandrensis
1350 1520 1673 1609 CaroluS,
1721 1544 1963 1592 comes
2003 1520 2524 1617 Andegavensis
2571 1519 2816 1611 Fuloo,
2850 1546 2938 1593 co

866 1660 1019 1709 mes
1062 1636 1463 1727 Britanniae,
1520 1634 1936 1707 tributarius
1991 1636 2173 1731 regis
2227 1635 2496 1731 Anglici
2547 1637 2832 1708 Hem-ici
2883 1636 2979 1708 de

865 1732 1297 1825 Normannia
1362 1752 1708 1825 exercitus
1731 1806 1750 1841 ,
1835 1751 2142 1823 barones
2213 1767 2284 1824 et
2349 1754 2546 1849 regni
2604 1754 2980 1852 optimates

870 1867 1353 1966 quamplures,
1393 1869 1517 1966 qui
1550 1868 1762 1939 etiam
1794 1869 2208 1966 Hispaniam
2239 1869 2664 1967 perdomare
2697 1867 2977 1940 suffice-

866 1997 1051 2055 rent.
1094 1983 1460 2055 Transiens
1502 1983 1742 2080 itaque
1773 1984 2238 2056 Alvernorum
2276 1981 2600 2055 difficiles
2631 1984 2981 2079 ingressus

869 2113 941 2170 et
979 2097 1345 2170 obviantia
1402 2098 1712 2189 castella,
1787 2098 2326 2171 Claromontem
2378 2100 2728 2197 pervenit.
2799 2102 2978 2169 Cum

871 2228 1113 2285 autem
1170 2213 1501 2288 abortivo
1521 2216 1545 2253 ⁸
1584 2230 1658 2287 et
1708 2216 2046 2313 opposito
2104 2216 2370 2288 civitati
2427 2230 2661 2287 castro
2723 2214 2982 2287 Montis

870 2330 1168 2403 Feranni
1234 2330 1619 2403 exercitum
1693 2329 2106 2428 applicaret,
2164 2332 2423 2405 milites
2485 2331 2610 2427 qui
2667 2346 2980 2403 castrum

868 2444 1252 2518 defendere
1284 2445 1671 2537 habebant,
1693 2448 2130 2519 Francorum
2154 2446 2562 2520 mirabilem
2589 2448 2980 2519 exercitum

871 2561 1013 2633 suis
1067 2560 1485 2634 dissimilem
1524 2560 2014 2654 formidanteS,
2061 2562 2446 2635 loricarum
2485 2578 2556 2635 et
2611 2562 2972 2657 galearum

871 2699 1281 2775 repercusso
1310 2680 1459 2747 sole
1488 2674 1946 2773 splendorem
1976 2675 2435 2771 admirantes,
2473 2678 2625 2750 solo
2657 2678 2810 2751 visu
2839 2678 2978 2749 hae-

870 2806 1056 2883 rent,
1099 2808 1172 2864 et
1207 2792 1637 2864 exteriorem
1663 2791 2050 2865 refutantes
2081 2794 2638 2883 immunitatem,
2677 2794 2752 2865 in
2786 2809 2986 2865 turre

870 2922 940 2977 et
980 2909 1194 2978 turris
1238 2906 1611 3005 procinctu
1665 2906 1772 2978 vix
1817 2908 2032 2979 etiam
2084 2909 2264 2982 inibi
2303 2911 2326 2946 ⁸
2363 2934 2439 2981 se
2485 2908 2976 2981 contulerunt.

871 3020 1255 3119 Applicitus
1290 3036 1532 3095 autem
1580 3023 2047 3095 immunitatis
2093 3025 2354 3097 relictae
2397 3023 2736 3095 domibus
2787 3025 2954 3095 flam
2975 3070 2990 3079 ·

874 3138 1227 3207 mivomus
1262 3136 1472 3231 ignis,
1500 3137 1844 3235 quicquid
1892 3154 2070 3227 erat,
2107 3155 2364 3237 praeter
2403 3140 2664 3211 turrim
2698 3155 2770 3211 et
2807 3163 2984 3237 pro-

871 3252 1189 3323 cinctum
1238 3251 1415 3348 ejuS,
1463 3252 1537 3323 in
1574 3252 1850 3326 cineres
1904 3252 2252 3325 dissolvit.
2289 3258 2378 3325 Et
2413 3255 2646 3352 prima
2687 3253 2986 3351 quidem

872 3367 1013 3457 die,
1046 3381 1339 3466 propter
1370 3383 1784 3441 aestuantem
1819 3369 2154 3442 incendio
2189 3370 2428 3441 subito
2459 3369 2732 3462 villam,
2788 3383 2988 3440 extra

950 3651 1011 3708 1.
1040 3652 1351 3707 Multorum
1378 3648 1663 3709 omittitur
1685 3650 1746 3709 in
1772 3648 1905 3708 edd.

948 3742 1007 3798 2.
1038 3744 1331 3818 Augu-§tiis
1381 3754 1496 3801 tres
1535 3741 1708 3802 codd.
1761 3754 1819 3802 et
1853 3742 1993 3805 edit.
2039 3746 2238 3805 Germ.
2280 3774 2356 3791 —
2391 3748 2666 3823 Augustis
2715 3744 2874 3802 6265
2925 3757 2992 3802 et

870 3831 999 3891 aliae
1030 3834 1165 3897 edd.

949 3928 1011 3985 3.
1042 3926 1299 3985 Ahar-tivo
1329 3926 1499 3989 codd.
1533 3948 1734 3987 omnes
1787 3940 1960 4008 atque
1999 3928 2134 3991 edd.
2161 3928 2330 3989 Forte
2369 3928 2678 4007 legendum
2704 3929 2780 3987 ab
2811 3934 2993 3987 οντίοο

871 4020 1036 4100 quasi
1060 4021 1134 4079 ab
1158 4038 1301 4097 ortu,
1328 4023 1388 4083 id
1418 4036 1506 4083 est
1534 4023 1607 4082 ab
1635 4029 1888 4103 Oriente,
1914 4038 1980 4084 ut
2005 4037 2168 4083 notat
2189 4024 2428 4086 Freher.

952 4120 1013 4177 4.
1072 4117 1224 4175 Im'bi
1278 4116 1412 4180 edd.
1452 4116 1662 4176 Chesn.
1701 4130 1760 4175 et
1803 4117 2019 4179 Bened.
2030 4118 2334 4195 ,itemque
2383 4118 2516 4181 cod.
2555 4122 2734 4193 5925,
2769 4118 2830 4177 in
2871 4138 2994 4196 quo

873 4209 1025 4271 hanc
1053 4228 1253 4269 vocem
1296 4208 1540 4268 restituit
1574 4228 1777 4268 manus
1817 4209 2126 4273 recentior.
2151 4242 2232 4257 —
2255 4209 2383 4269 Sibi
2421 4230 2484 4267 se
2513 4222 2629 4269 tres
2674 4208 2774 4269 alii
2807 4209 2986 4271 codd.

878 4316 937 4377 et
962 4304 1102 4366 edit.
1136 4304 1337 4363 Germ.
