3275 5317
1196 492 1555 551 CHARTES.
2269 536 2276 543 .
2315 494 2430 551 325

290 622 683 697 notificare
708 621 875 695 volo
888 622 1256 721 quoniam,
1278 622 1696 695 accedentes
1720 622 1815 695 ad
1829 636 2084 695 nostrae
2102 622 2427 695 sublimi-

298 740 481 812 tatis
504 737 975 838 praesentiam,
989 736 1708 826 videlicetJohanneS‚
1731 736 2154 825 BernarduS,
2181 742 2428 811 Petrus

302 870 533 953 atque
579 852 911 927 cix-aldus
928 908 947 944 ,
987 853 1061 926 in
1104 854 1519 927 heremitica
1556 855 1702 928 vita
1733 854 2092 951 degente-S,
2125 854 2430 954 supplici

302 970 676 1070 petierunt
707 971 1087 1044 devotione
1126 986 1203 1043 ut
1243 995 1367 1043 eos
1401 973 1475 1043 in
1508 971 1949 1045 fraternitate
1981 986 2222 1044 nostra
2245 972 2430 1044 reci·

311 1112 677 1185 peremus.
720 1090 993 1158 Locum
1024 1111 1195 1159 vero
1223 1102 1299 1159 et
1321 1088 1694 1159 ecclesiam
1720 1087 2014 1160 illorum
2045 1088 2122 1159 in
2155 1086 2433 1160 honore

311 1200 546 1272 beatae
570 1200 803 1271 Mariae
835 1198 927 1271 ab
964 1199 1235 1271 eisdem
1268 1198 1714 1292 aedificatam,
1748 1224 1908 1298 quae
1939 1214 2044 1272 est
2059 1201 2145 1271 in
2176 1223 2435 1299 parro-

313 1314 482 1387 chia
512 1315 604 1387 de
650 1314 980 1387 Parciaco
998 1310 1051 1407 ³,
1092 1329 1163 1387 et
1200 1340 1453 1417 omnes
1492 1338 1609 1387 res
1657 1340 1818 1387 suas
1851 1340 2030 1415 quas
2077 1315 2433 1415 adquisie-

314 1445 480 1503 rant
506 1444 577 1501 et
594 1428 1017 1529 adquisituri
1044 1443 1273 1520 erant,
1308 1433 1464 1503 Deo
1496 1446 1567 1503 et
1584 1434 1846 1504 Sancto
1871 1431 2218 1529 Dionysio
2255 1455 2436 1502 con-

312 1559 705 1634 cesserunt,
745 1560 817 1617 et
834 1545 1261 1643 subjectioni
1272 1545 1585 1618 ecclesiae
1606 1546 1698 1617 de
1727 1545 2010 1644 Capella
2026 1544 2050 1579 ²
2077 1560 2434 1645 praecepto

314 1676 569 1734 nostro
594 1686 669 1733 se
697 1660 1215 1752 submiserunt3
1247 1661 1345 1732 ita
1383 1675 1465 1733 ut
1495 1661 1802 1759 amplius
1844 1662 2024 1735 alios
2062 1661 2320 1737 fratres
2356 1662 2432 1733 in

313 1775 583 1848 eodem
606 1775 769 1848 loco
791 1777 943 1849 sine
964 1776 1164 1873 jussu
1196 1776 1458 1874 prioris
1483 1776 1784 1875 Capellae
1805 1778 2128 1876 accipere
2158 1778 2259 1849 eis
2283 1802 2434 1849 non

314 1889 555 1963 liceat.
603 1894 746 1963 Nos
786 1915 1077 1989 quoque
1126 1916 1211 1963 ex
1258 1907 1463 1989 parte
1514 1907 1756 1964 nostra
1805 1894 1906 1965 eis
1951 1894 2436 1965 concessimus

312 2020 428 2091 ut,
466 2004 804 2103 quamdiu
836 2005 973 2105 ipsi
1003 2006 1291 2094 vellent,
1334 2006 1407 2077 in
1444 2004 1698 2079 habitu
1727 2031 1860 2079 suo
1902 2022 2430 2105 permanerent.

313 2132 395 2201 Si
423 2145 665 2203 autem
696 2130 789 2202 ad
816 2130 1311 2203 monachalem
1333 2130 1754 2225 religionem
1778 2130 2118 2203 accedere
2139 2129 2432 2221 vellent,

312 2260 403 2318 ut
447 2247 694 2319 fratres
722 2247 1134 2319 monasterii
1182 2247 1686 2345 reciperentur.

413 2364 769 2457 Regnante
812 2362 1202 2451 LudovicO,
1226 2386 1390 2457 rege
1422 2364 1888 2452 Francorum,
1911 2360 2288 2456 Wulgrino
2315 2360 2431 2434 Bi-

315 2477 783 2573 turigensium
814 2476 1347 2577 archiepiscopo
1394 2476 1733 2549 existente
1751 2530 1773 2568 ,
1809 2477 1950 2549 hoc
1982 2476 2115 2549 fuit
2165 2474 2430 2548 confir-

316 2605 627 2682 matum,
665 2591 855 2689 apud
888 2591 1273 2690 Capellam,
1312 2592 1385 2663 in
1423 2614 1645 2663 manu
1687 2590 1970 2663 Rodum
2002 2590 2284 2689 prioriS,
2316 2614 2433 2662 co-

310 2731 471 2779 ram
514 2706 887 2780 monachis
930 2722 1003 2780 et
1033 2706 1302 2781 clericis
1333 2722 1405 2779 et
1436 2705 1631 2778 laicis
1647 2707 1693 2779 ⁸.

394 2950 421 3005 1
439 2986 459 3005 .
485 2944 839 3025 Pontianum,
874 2947 995 3007 sive
1030 2946 1395 3026 Nullyacum,
1425 2966 1580 3007 nunc
1607 2957 1696 3006 est
1727 2950 1968 3020 Par-sac,
1997 2947 2182 3027 prope
2212 2950 2433 3006 Gouzon

315 3037 581 3192 (Zeu-1⁹2
591 3087 967 3209 ‘Chapelaude
1002 3132 1257 3211 (Alter),
1282 3134 1344 3192 in
1366 3132 1547 3193 veteri
1574 3153 1729 3213 pago
1753 3132 2117 3194 Bituricensi.

395 3230 458 3288 3.
486 3232 538 3285 A
562 3226 810 3286 chesnio
851 3252 877 3285 ι
910 3248 982 3287 ex
1009 3226 1321 3287 cartulario
1338 3226 1591 3287 ecclesiae
1616 3226 1800 3287 beatae
1823 3229 2020 3287 Mariae
2043 3227 2116 3287 de
2139 3226 2370 3307 Capella
2401 3256 2428 3281 ι

310 3319 554 3391 editum,
584 3322 685 3392 lv,
716 3324 855 3385 556.
879 3353 962 3369 —-
987 3319 1275 3394 Chazaud,
1305 3324 1469 3383 Cart.
1493 3324 1565 3379 de
1586 3325 1670 3379 La
1693 3320 2176 3399 Clzapelle-Aude,
2202 3341 2265 3400 p.
2287 3325 2426 3381 104.
