3275 5317
956 590 1082 645 VIE
1122 588 1225 644 DE
1260 587 1482 646 LOUIS
1522 588 1615 644 LE
1655 586 1872 649 GROS.
2355 591 2470 648 115

362 717 766 789 versatione
817 716 1161 791 infamato
1181 773 1204 809 ‚
1253 732 1409 789 tum
1460 718 1671 814 legati
1719 719 1830 789 sui
1887 719 2198 791 Matthaei
2265 720 2474 793 Alba-

360 833 601 905 nensis
635 833 975 931 episcopi,
1012 847 1167 904 tum
1204 833 1482 905 domini
1511 834 1992 925 Cas-notensiS,
2031 835 2470 928 ParisiensiS,

361 949 779 1044 Suessionis,
812 948 1088 1021 domini
1130 949 1347 1021 etiam
1376 948 1892 1047 archiepiscopi
1927 950 2286 1021 Remensis
2316 952 2476 1023 Rai-

362 1064 591 1155 naldi,
620 1080 695 1137 et
728 1064 1121 1137 multorum
1161 1066 1485 1137 virorum
1539 1064 1952 1137 testimonio
1997 1065 2472 1161 cognovisset,

360 1196 709 1279 praecepta
774 1204 1027 1277 regum
1096 1180 1560 1279 antiquorum
1614 1180 1880 1278 Pipini,
1951 1182 2184 1255 Caroli
2207 1182 2472 1278 Magni,

362 1295 708 1369 Ludovici
768 1297 878 1367 Pii
926 1308 999 1367 et
1038 1294 1344 1368 aliorum
1384 1295 1475 1367 de
1506 1295 1668 1393 jure
1711 1294 1855 1367 loci
1897 1296 2168 1395 praefati
2214 1321 2259 1371 a
2297 1322 2481 1369 nun-

362 1411 477 1483 tiis
532 1408 793 1485 nostris
850 1412 1089 1485 oblata
1145 1412 1579 1510 perlegisset,
1634 1412 1852 1485 curiae
1905 1413 2125 1485 totius
2191 1438 2479 1513 persua·

363 1528 590 1619 sione,
620 1543 771 1601 tam
802 1554 937 1627 pro
976 1542 1220 1601 nostra
1249 1528 1520 1625 justitia
1560 1551 1776 1625 quam
1800 1552 1936 1626 pro
1967 1552 2213 1601 earum
2241 1527 2482 1603 foetida

365 1652 821 1745 enormitate,
863 1652 1083 1727 beato
1128 1652 1474 1751 Dionysio
1520 1666 1595 1724 et
1643 1651 1948 1725 restituit
1985 1668 2055 1726 et
2093 1652 2486 1727 confirma-

362 1769 523 1842 vit¹.

463 1889 556 1957 Ut
586 1900 824 1957 autem
858 1883 952 1955 ad
994 1884 1441 1983 propositum
1486 1884 1892 1957 recolendae
1939 1886 2124 1982 regis
2162 1886 2482 1961 historiae

369 2015 839 2089 revertamur,
876 2015 1042 2072 ante
1080 2000 1357 2073 domini
1395 2026 1595 2101 papae
1638 2001 1887 2075 Calixti
1921 2001 2320 2095 decessum,
2355 2006 2488 2076 im-

371 2134 661 2216 perator
679 2117 1053 2210 Henricus,
1090 2117 1393 2190 collecto
1414 2117 1631 2215 longo
1665 2118 1879 2189 animi
1910 2143 2209 2191 rancore
2238 2133 2484 2192 contra

375 2232 750 2305 dominum
794 2257 1032 2329 regem
1080 2232 1555 2323 Ludovicum‚
1593 2258 1684 2306 eo
1714 2232 1916 2331 quod
1948 2236 2024 2305 in
2069 2258 2292 2329 regno
2337 2235 2490 2331 ejus

372 2348 607 2421 Remis
652 2351 729 2421 in
771 2348 1080 2421 concilio
1128 2346 1405 2419 domini
1466 2346 1717 2419 Calixti
1770 2348 2218 2421 anathemate
2279 2350 2488 2421 inno-

372 2465 581 2539 datus
636 2464 897 2555 fuerat,
950 2465 1339 2537 exercitum
1384 2478 2049 2561 quantumcumque
2082 2478 2318 2564 potest
2347 2468 2490 2537 Lo-

373 2582 899 2678 tharingorum‚
928 2580 1515 2668 Alemannorum,
1545 2580 2056 2677 Bajoariorum,
2094 2584 2490 2655 Suevorum

374 2713 443 2770 et
482 2702 872 2788 Saxonum,
932 2696 1100 2769 licet
1144 2696 1246 2767 eis
1288 2696 1766 2785 infestaretur,
1823 2697 2162 2794 colligit'3
2204 2699 2488 2797 alioque

374 2813 675 2886 tendere
705 2811 1070 2902 simulam,
1105 2812 1405 2884 consilio
1430 2814 1610 2909 regis
1637 2813 1909 2909 Anglici
1940 2815 2256 2906 Henrici,
2285 2814 2486 2910 cujus

372 2927 597 3002 filiam
625 2930 944 3024 reginam
982 2926 1303 3019 duxerat,
1356 2928 1481 3025 qui
1514 2930 1734 3001 etiam
1766 2930 1910 3024 regi
1944 2953 2266 3027 guerram
2299 2929 2484 3001 infe-

370 3046 602 3141 rebat,
635 3045 869 3117 Remis
897 3044 1252 3116 civitatem
1293 3044 1662 3143 inopinate
1695 3044 1982 3143 aggredi
2015 3045 2484 3135 machinatur,

371 3180 789 3256 proponens
822 3170 949 3228 aut
992 3180 1149 3228 eam
1182 3154 1426 3228 subito
1460 3156 1853 3252 destruere,
1890 3172 2014 3230 aut
2037 3171 2230 3230 tanta
2263 3156 2486 3229 deho-

372 3275 771 3347 nestatione
816 3287 887 3344 et
921 3273 1379 3371 oppressione
1418 3273 1775 3347 civitatem
1821 3273 2176 3365 obsidere,
2220 3287 2486 3372 quanta

376 3386 713 3460 dominus
755 3414 943 3487 papa
973 3387 1245 3460 ibidem
1275 3390 1298 3430 ³
1330 3389 1407 3461 in
1430 3413 1597 3460 eum
1630 3414 1846 3486 agens
1896 3388 2078 3462 sedit
2137 3389 2474 3460 sessione.

377 3502 589 3590 Quod
608 3528 774 3576 cum
807 3503 1104 3576 domino
1135 3504 1281 3600 regi
1308 3503 1674 3577 Ludovico
1704 3504 2119 3577 intimorum
2149 3500 2489 3573 relatione

376 3616 823 3711 innotuisset,
886 3634 1033 3691 tam
1100 3634 1392 3691 strenue
1468 3644 1688 3717 quam
1747 3618 2085 3693 audacter
2135 3615 2489 3687 delectum

381 3757 597 3829 quem
628 3759 775 3807 non
808 3748 1130 3831 expectat
1155 3735 1369 3832 cogit,
1401 3734 1680 3807 nobiles
1714 3734 2014 3825 asciscit,
2051 3756 2334 3804 causam
2377 3756 2492 3802 ex-

381 3850 609 3947 ponit.
660 3854 749 3921 Et
786 3851 1130 3948 quoniam
1166 3849 1457 3923 beatum
1494 3850 1918 3948 Dionysium
1955 3848 2331 3947 specialem
2362 3871 2491 3946 pa-

380 3976 670 4038 tronum
704 3982 773 4039 et
822 3966 1251 4065 singularem
1283 3982 1447 4067 post
1475 3970 1710 4040 Deum
1747 3966 1950 4065 regni
1982 3980 2486 4064 protectorem,

465 4215 525 4270 1.
556 4215 627 4271 V.
648 4212 829 4287 infra,
850 4213 915 4271 in
935 4213 1407 4273 Observat.—2.
1454 4216 1692 4293 Collegit
1723 4215 1948 4293 12710,

465 4308 526 4364 3.
555 4304 776 4364 Ibidem
805 4309 999 4365 {2710
1036 4319 1093 4365 et
1124 4306 1264 4366 edit.
1292 4306 1589 4366 Benedict.
1620 4310 1797 4366 Deest
1822 4305 1883 4366 in
1909 4304 2040 4365 aliis
2059 4303 2234 4367 codd.
2263 4322 2330 4363 ac
2357 4302 2490 4364 edd.
