3275 5317
1087 628 1434 689 LETI'RES.
2194 639 2310 695 259

216 759 542 833 bonitatis
572 774 913 833 consueta
951 760 1402 860 propitiati03
1440 774 1537 852 et,
1575 760 1773 859 quod
1800 762 2012 835 etiam
2063 764 2315 842 belluae

214 876 621 949 naturaliter
650 877 944 969 faciunt,
972 876 1340 972 diligentes
1372 901 1447 949 se
1474 875 1744 973 diligat,
1781 876 2030 951 fideles
2053 895 2122 953 et
2143 905 2314 980 prae-

214 990 551 1065 cordiales
581 993 851 1065 amicos
881 1016 1171 1065 enecare
1202 991 1571 1065 erubescat
1605 1018 1622 1065 :
1654 1007 1736 1064 ut
1769 1019 1950 1091 quos
1988 997 2314 1071 exeundo

216 1122 478 1180 terrore
520 1109 747 1180 nimio
780 1110 1143 1200 contrivit,
1184 1106 1560 1181 redeundo
1615 1108 1866 1182 saltem
1919 1126 2081 1210 post
2119 1126 2313 1186 tanta

214 1223 545 1319 pericula,
569 1238 732 1323 post
748 1238 981 1296 tantas
999 1240 1071 1296 et
1089 1222 1641 1297 innumerabiles
1664 1224 2108 1299 diversarum
2129 1254 2318 1301 mor-

213 1338 383 1409 tium
410 1340 795 1437 passioneS,
835 1339 1217 1412 sufficienti
1245 1339 1499 1412 solatio
1531 1343 1918 1415 resuscitet.
1953 1348 2042 1413 Ut
2073 1359 2316 1417 autem

213 1454 423 1527 totius
435 1456 635 1552 regni
661 1458 769 1529 tui
797 1455 931 1527 tibi
952 1481 1124 1529 voce
1150 1456 1429 1552 loquar,
1453 1455 1630 1553 quid
1659 1472 1788 1548 est,
1814 1458 2171 1532 carissime
2193 1486 2318 1533 rex

214 1584 281 1640 et
310 1571 630 1665 domine,
668 1596 890 1671 quare
944 1598 1079 1644 nos
1131 1572 1359 1668 fugis?
1408 1576 1661 1645 Nonne
1711 1575 1835 1670 qui
1892 1574 2206 1648 oderunt
2250 1591 2317 1649 te

209 1686 524 1779 oderam,
555 1702 625 1761 et
655 1712 867 1786 super
890 1688 1221 1761 inimicos
1248 1702 1409 1760 tuos
1442 1687 1944 1761 tabescebam?
1974 1692 2116 1779 Qui
2148 1718 2317 1765 cum

212 1816 301 1893 te,
339 1819 413 1876 et
438 1827 573 1876 nos
605 1820 766 1878 tuos
784 1820 1122 1902 tanquam
1144 1818 1215 1876 te
1244 1803 1537 1901 diligere
1564 1804 1889 1897 deberes,
1919 1807 2117 1904 quod
2137 1833 2316 1880 neu-

208 1931 399 1991 trum
432 1919 697 1993 videris
728 1920 1046 2016 diligere,
1084 1920 1307 2018 magis
1348 1918 1702 1993 dolemus.
1744 1921 2114 2019 Siquidem
2149 1949 2317 1997 cum

205 2032 275 2103 in
290 2036 602 2109 Orientis
620 2035 941 2135 partibus
956 2037 1303 2110 acerrime
1321 2035 1779 2129 laboraveris,
1793 2038 2020 2111 multa
2043 2054 2114 2110 et
2131 2064 2316 2137 pene

202 2147 679 2223 intolerabilia
712 2152 894 2224 mala
928 2152 1367 2243 sustinueris,
1412 2166 1578 2250 post
1618 2150 1928 2225 reditum
1960 2152 2316 2224 baronum

202 2279 272 2335 et
302 2268 737 2365 optimatum
769 2269 988 2365 regni,
1029 2293 1170 2365 qua
1202 2265 1467 2339 duritia
1494 2267 1607 2339 vel
1638 2268 1879 2366 pdtius
1899 2267 2319 2341 crudelitate

200 2379 391 2453 inter
459 2381 803 2454 barbaros
873 2388 1243 2454 remanere
1310 2382 1871 2480 praesumpsisti?
1933 2383 2321 2455 Redierunt

200 2498 405 2592 regni
451 2497 1019 2597 perturbatores;
1070 2513 1143 2569 et
1191 2512 1271 2569 tu
1284 2554 1307 2587 ,
1372 2497 1498 2594 qui
1552 2497 1937 2569 defendere
1992 2497 2315 2595 debereS,

200 2614 409 2707 quasi
433 2615 831 2711 captivatus
861 2612 1141 2707 exulas3
1166 2635 1378 2684 ovem
1399 2610 1573 2709 lupo
1605 2612 1984 2704 tradidisti,
2019 2638 2319 2709 regnum

194 2726 615 2825 raptoribus
677 2730 1083 2827 exposuisti.
1150 2731 1501 2824 Rogamus
1559 2729 1774 2824 igitur
1826 2727 2318 2802 celsitudinem

192 2858 432 2935 tuam,
465 2841 825 2942 pulsamus
849 2846 1211 2943 pietatem,
1232 2842 1645 2940 adjuramus
1674 2843 2213 2941 benignitatem,
2249 2860 2320 2917 et

194 2984 324 3055 per
371 2984 540 3031 eam
577 2986 716 3059 qua
765 2960 1068 3033 invicem
1114 2958 1410 3055 obligati
1460 2984 1709 3031 sumus.
1755 2958 1976 3034 fidem
2018 2959 2322 3033 obtesta-

190 3098 392 3169 mur,
408 3101 504 3147 ne
521 3092 684 3174 post
707 3076 1084 3148 transitum
1109 3074 1392 3147 Paschae
1422 3074 1519 3146 ibi
1546 3073 1660 3147 vel
1687 3074 2054 3147 modicum
2074 3075 2319 3149 demo·

191 3188 401 3281 reris,
428 3212 523 3259 ne
553 3212 718 3261 reus
736 3188 1190 3287 professionis
1215 3202 1283 3260 et
1296 3184 1683 3285 juramenti
1707 3186 1904 3285 quod
1932 3188 2004 3259 in
2041 3214 2318 3288 suscep—

191 3303 396 3375 tione
434 3329 720 3377 coronae
750 3329 968 3401 regno
993 3304 1221 3375 fecisti
1253 3305 1327 3376 in
1364 3302 1589 3375 oculis
1619 3304 1753 3375 Dei
1782 3329 2151 3402 appareas·
2175 3310 2317 3379 Nos

190 3433 444 3490 autem
477 3421 659 3494 sicut
686 3419 1021 3517 angelum
1052 3420 1185 3491 Dei
1207 3444 1337 3491 vos
1370 3432 1845 3517 expectantes»,
1876 3418 2315 3515 ubicumque

190 3558 491 3607 necesse
515 3537 725 3610 fuerit
752 3536 1172 3636 procedere,
1192 3536 1579 3608 necessaria
1599 3560 1899 3634 quaeque
1921 3557 2316 3633 praeparare

188 3652 427 3745 parati
475 3652 761 3723 erimus.
791 3654 1181 3725 Conservet
1225 3656 1368 3723 Rex
1406 3677 1654 3747 regum
1688 3666 1759 3721 et
1794 3651 2148 3720 Dominus
2179 3645 2312 3719 do-

186 3767 569 3839 minorum
597 3791 915 3867 personae
941 3782 1193 3839 vestrae
1214 3767 1778 3839 incolumitatem
1807 3764 1942 3835 sibi
1976 3778 2048 3834 et
2079 3761 2311 3837 nobiS.

290 3884 687 3955 Pecuniam
742 3908 958 3981 quam
982 3880 1188 3956 vobis
1227 3883 1509 3957 mittere
1550 3882 2154 3978 disposueramuS,
2215 3906 2318 3952 se-

186 3998 526 4071 cundum
550 4014 985 4099 praeceptum
1010 4014 1351 4087 vestrum,
1386 3995 1724 4070 fratribus
1747 3995 2018 4092 Templi
2047 3994 2316 4067 delibe-

186 4115 542 4187 ravimus.
572 4114 909 4186 Similiter
926 4129 998 4185 et
1014 4138 1253 4186 comes
1272 4116 1391 4184 Ρι.1
1414 4110 1770 4209 quidquid
1801 4107 2004 4183 vobis
2036 4135 2317 4185 accom-

271 4370 303 4426 1
318 4410 339 4425 .
364 4364 673 4425 nadulfus.
