3275 5317
1512 313 1639 369 vu:
1681 315 1782 370 DE
1822 311 2088 370 SUGER.
2739 306 2836 367 1005

732 447 1175 521 tianissimus
1204 468 1495 543 quoque
1528 470 1648 516 rex
1683 444 2108 534 Ludovicu3‚
2140 466 2309 515 cum
2341 442 2620 538 longius
2653 440 2836 513 abes-

733 578 884 654 set,
922 577 1215 661 accepto
1247 561 1486 632 obitus
1514 560 1704 633 illius
1739 559 2142 633 tristissimo
2169 560 2449 651 nuntie,
2483 582 2620 658 pro
2653 558 2836 630 fami·

732 680 1051 751 liaritate
1109 692 1185 749 et
1234 700 1481 749 amore
1528 700 1746 773 quem
1799 676 1894 747 ad
1942 675 2251 747 invicem
2284 674 2551 746 diutius
2590 672 2836 745 habue-

734 808 939 881 rant,
978 792 1279 887 negotiis
1315 790 1650 864 omnibus
1679 790 2118 883 intermissiS,
2148 814 2316 862 cum
2347 790 2713 888 praecipuis
2749 812 2836 860 re-

736 910 872 1003 gni
908 906 1372 1005 optimatibus
1409 908 1824 979 acceleravit
1850 906 2164 1005 exequiis
2190 906 2530 977 interesse
2559 932 2575 976 ε
2613 902 2765 993 ubi,
2793 930 2826 974 e

734 1022 1037 1121 pietatis
1083 1046 1365 1093 memor
1410 1036 1482 1093 et
1513 1024 1720 1117 regiae
1751 1020 2186 1093 celsitudinis
2223 1022 2629 1112 immemor,
2669 1042 2836 1091 ama·

739 1136 1057 1228 rissime,
1104 1136 1282 1208 dum
1336 1136 1779 1233 sepeliretur,
1816 1136 1984 1207 flere
2031 1160 2182 1208 non
2233 1133 2504 1207 destitit
2531 1138 2578 1208 ¹.
2629 1138 2836 1206 Unun

734 1250 1009 1352 procul
1042 1249 1273 1323 dubio
1306 1262 1607 1340 constat,
1645 1275 1794 1322 non
1828 1249 2140 1348 potuisse
2171 1249 2432 1322 scilicet
2470 1248 2674 1321 illum
2717 1273 2836 1320 noi

738 1366 1063 1464 gloriose
1097 1366 1607 1452 consummari,
1651 1365 1856 1463 cujus
1886 1379 2034 1437 tota
2072 1366 2216 1437 vita
2249 1378 2694 1464 praecesserat
2725 1363 2836 1460 glo

738 1484 971 1555 riosa.
995 1482 1201 1554 Unde
1224 1482 1564 1577 divinitus
1599 1484 1968 1581 provisum
1997 1496 2201 1555 estut
2232 1497 2303 1554 et
2321 1480 2696 1555 transitum
2719 1480 2820 1577 eju

737 1596 1131 1697 pontifices
1180 1612 1700 1687 consecrarent,
1750 1612 1822 1671 et
1863 1597 2302 1696 sepulturam
2345 1621 2470 1669 sua
2501 1598 2836 1697 praesenti:

740 1738 881 1785 rex
916 1712 1307 1805 insigniret.
1354 1713 1492 1784 Sed
1528 1728 1600 1783 et
1627 1714 1807 1785 sacri
1835 1714 2108 1811 Templi
2146 1714 2486 1807 magister
2522 1736 2691 1783 cum
2723 1736 2836 1782 non

738 1850 979 1928 parva
1017 1828 1129 1898 sui
1172 1827 1447 1900 ordinis
1480 1827 1728 1899 militia
1753 1826 1998 1917 affuit3
2032 1827 2160 1925 qui
2185 1826 2520 1925 precibus
2542 1842 2615 1899 et
2645 1824 2835 1921 lacrj‘

744 1944 925 2034 miS,
988 1942 1101 2014 vel
1159 1942 1421 2040 quibus
1469 1941 1707 2015 modis
1741 1956 2103 2041 poterant,
2140 1940 2476 2016 dilectam
2535 1938 2672 2011 sibi
2720 1948 2836 2010 ani

742 2081 959 2129 mam
992 2057 1301 2129 Domino
1352 2057 1981 2130 commendabant.
2045 2060 2186 2128 Nos
2231 2080 2403 2127 vero
2449 2057 2612 2129 vitae
2658 2056 2836 2154 ipsiu

745 2173 1199 2270 superstiteS,
1218 2172 1419 2270 quod
1439 2174 1589 2245 sine
1606 2175 1765 2269 ipso
1785 2172 2112 2244 solatium
2135 2173 2520 2270 capiemuS,
2541 2171 2666 2267 qui
2685 2170 2812 2242 solu
2829 2197 2836 2240 ι

747 2286 1117 2361 consolari
1165 2302 1543 2359 moerentes
1592 2286 1889 2377 solebat,
1929 2288 2236 2359 excitare
2262 2286 2600 2375 laetitiam,
2633 2284 2836 2381 suga]-

744 2401 1328 2475 moestitudinem
1348 2402 1378 2473 Ρ
1396 2401 1782 2489 Quomodo
1801 2426 2044 2474 carere
2067 2402 2464 2499 poterimus
2492 2414 2690 2473 tanto
2718 2401 2836 2471 viu

746 2518 1053 2608 comite,
1092 2532 1291 2589 tanto
1338 2541 1674 2589 curarum
1707 2531 1780 2587 et
1835 2514 2166 2589 laborum
2219 2514 2632 2589 levamine?
2681 2518 2836 2603 Quis

740 2635 935 2708 boni
968 2635 1227 2706 sanitas
1260 2632 1547 2724 habeat,
1582 2634 1884 2729 languor
1927 2631 2260 2706 ostendit.
2323 2633 2488 2705 Plus
2537 2632 2836 2705 sentimu

747 2747 944 2849 quid
974 2747 1466 2833 habuerimuS,
1503 2762 1886 2847 postquam
1918 2746 2202 2819 habere·
2228 2745 2640 2819 desinimuS.
2681 2750 2836 2817 Unu

746 2868 915 2965 ipse
944 2878 1097 2935 erat
1129 2862 1365 2953 nobiS,
1392 2863 1465 2933 in
1486 2888 1635 2960 quo
1657 2862 2050 2934 domestica
2078 2861 2488 2935 sollicitudo
2509 2861 2806 2936 resideb:
2829 2890 2836 2931 ι

752 2994 829 3052 et
864 3002 1042 3051 cura
1065 2975 1472 3075 quiescebat
1490 2976 1805 3075 publica.
1835 2980 2030 3050 Unus
2049 2975 2257 3049 nobis
2279 2992 2431 3049 erat
2453 2991 2524 3049 et
2547 2976 2750 3048 domi
2773 3001 2804 3046 s
2829 3000 2836 3047 :

754 3094 938 3166 latio
970 3109 1043 3166 et
1058 3092 1229 3164 foris
1242 3090 1530 3163 honori.
1544 3096 1810 3163 Verum
1827 3092 2082 3189 ingrati
2099 3092 2190 3164 de
2209 3092 2549 3165 translato
2564 3115 2714 3163 esse
2732 3115 2803 3160 n<
2833 3116 2836 3159 :

758 3208 1144 3299 debemus,
1189 3210 1359 3306 quia
1396 3206 1597 3310 quod
1645 3223 1916 3280 natura:
1940 3209 1964 3244 ⁸
1995 3208 2402 3281 communis
2434 3220 2585 3277 erat
2615 3202 2836 3302 perstl

761 3326 892 3417 vit,
932 3322 1130 3421 quod
1161 3324 1394 3418 gratiae
1450 3322 1825 3417 singularis
1863 3347 1904 3391 a
1959 3323 2240 3393 Christo
2284 3318 2627 3418 percepit.
2686 3319 2798 3406 Qu
2829 3343 2836 3389 1

762 3437 997 3511 modo
1028 3453 1271 3510 autem
1299 3460 1622 3534 unquam
1655 3435 2047 3535 poterimus
2074 3433 2166 3504 de
2190 3434 2348 3531 ipso
2387 3456 2538 3504 non
2580 3434 2800 3529 cogita
2829 3458 2836 3503 r

764 3570 893 3631 aut
940 3552 1323 3651 aliquando
1355 3552 1509 3649 ejus
1555 3550 1914 3624 reminisci
1940 3550 2094 3621 sine
2127 3547 2460 3647 lacrymis
2490 3564 2562 3623 et
2605 3548 2800 3622 dolon
2829 3574 2836 3623 ε

851 3847 883 3903 1
901 3888 917 3904 .
948 3842 1038 3903 cf.
1064 3841 1137 3902 de
1168 3841 1282 3901 hoc
1308 3843 1714 3901 documentum
1739 3838 1891 3899 infr-'1
1910 3838 2215 3913 insertum,
2249 3858 2310 3919 p.
2346 3843 2491 3901 415.

852 3938 918 3998 2.
949 3940 1185 3997 Natura
1208 3934 1350 3994 edit.
1392 3934 1609 3995 Bened.
1640 3968 1726 3981 —-
1751 3940 1976 3995 Natura
2011 3934 2143 3997 cod.
2187 3951 2324 4005 ms„
2367 3946 2426 3993 et
2459 3932 2596 3993 edd.
2634 3930 2762 3998 bar.
2829 3933 2836 3991 Ι

774 4028 995 4089 Aitolio
1020 4048 1089 4090 ac
1114 4028 1327 4102 Felib„
1357 4029 1457 4089 sed
1486 4028 1658 4091 male.
