3275 5317
831 506 949 566 202
1281 498 1615 560 osuvass
1657 481 2082 559 COMPOETES
2117 500 2220 556 DE
2259 498 2530 559 suern.

829 661 1085 736 scopos
1120 650 1193 709 et
1224 635 1599 733 episcopos
1612 682 1635 721 ‚
1673 629 1970 703 abbates
2011 646 2082 703 et
2113 632 2507 704 autenticas
2549 632 2944 705 assistentes

825 776 1165 853 personas
1202 749 1297 824 ad
1346 746 1792 821 efferendam
1831 770 2032 819 aram
2069 748 2492 838 ascivimus3
2540 748 2740 847 quod
2787 772 2944 821 eam

825 868 1129 968 aperire,
1168 862 1367 963 quod
1404 863 2016 937 sanctissimarum
2042 862 2510 959 reliquiarum
2529 864 2944 936 thesaurum

823 986 1070 1058 videre
1096 982 1465 1073 vellemus,
1519 980 2002 1079 exposuimus.
2052 977 2404 1053 Dicebant
2442 1004 2612 1076 ergo
2653 979 2943 1077 quidam

824 1127 911 1174 ex
936 1097 1413 1174 familiaribus
1444 1097 1736 1188 nostris,
1759 1093 2088 1168 consulte
2113 1095 2438 1189 quidem,
2466 1096 2666 1194 quod
2696 1111 2770 1169 et
2789 1121 2943 1195 per-

824 1242 1015 1290 sonae
1050 1231 1122 1289 et
1151 1214 1460 1289 ecclesiae
1493 1212 1698 1287 famae
1729 1212 1954 1284 tutius
1989 1210 2259 1315 fuisset,
2297 1213 2358 1284 si
2387 1227 2663 1285 secreto
2697 1227 2940 1285 utrum

820 1334 919 1405 ita
969 1346 1155 1405 esset
1219 1344 1301 1402 ut
1363 1330 1613 1402 litterae
1662 1326 2149 1425 loquebantur
2193 1328 2584 1401 videretur.
2663 1328 2940 1417 Quibus

820 1448 1011 1541 ilico,
1051 1446 1218 1520 fidei
1249 1446 1533 1519 fervore
1578 1445 1878 1536 excituS,
1911 1467 2336 1542 responsum
2373 1442 2688 1537 reddidi,
2717 1446 2937 1539 magis

818 1563 1000 1637 mihi
1050 1564 1362 1663 placere,
1414 1562 1475 1633 si
1528 1561 1627 1633 ita
1672 1574 1776 1632 est
1815 1573 1899 1631 ut
1940 1558 2226 1655 legitur,
2260 1558 2355 1631 ab
2393 1557 2732 1632 omnibus
2761 1583 2936 1631 con-

821 1678 1188 1752 tuentibus
1218 1678 1423 1769 scire,
1468 1700 1715 1772 quam,
1749 1674 1808 1746 si
1845 1690 2124 1747 secreto
2171 1676 2656 1774 inspexissem,
2693 1699 2936 1747 omnes

816 1820 964 1868 non
992 1808 1412 1867 contuentes
1434 1791 1797 1865 dubitare.
1833 1790 2252 1863 Deferentes
2275 1792 2492 1888 igitur
2520 1792 2600 1863 in
2618 1790 2933 1863 medium

816 1911 1183 2011 praefatam
1228 1933 1455 2002 aram,
1508 1909 1746 1981 ascitis
1787 1906 2166 1980 aurifabris
2215 1907 2344 2005 qui
2397 1905 2694 1979 locellos
2745 1906 2928 1997 illos,

814 2027 1081 2124 quibus
1108 2026 1549 2101 sanctissima
1580 2023 1881 2097 brachia
1914 2023 2499 2115 continebantur,
2535 2023 2664 2096 ubi
2683 2012 2926 2121 super-

810 2142 1155 2216 sedebant
1186 2142 1554 2215 cristallini
1578 2141 1879 2241 lapideS,
1925 2140 2172 2213 titulos
2203 2166 2456 2213 eorum
2487 2138 2866 2213 offerentes
2879 2144 2924 2231 ¹,

814 2258 1194 2355 diligenter
1210 2259 1590 2358 aperirent,
1610 2259 1794 2329 sicut
1813 2256 2302 2356 sperabamus,
2319 2256 2565 2328 omnia
2587 2256 2924 2355 plenarie,

811 2377 965 2448 Deo
998 2388 1387 2465 annuente,
1422 2370 1833 2444 videntibus
1865 2372 2168 2464 cunctis,
2209 2370 2636 2445 invenimus·

909 2493 1213 2563 Causam
1262 2490 1479 2561 etiam
1530 2486 1985 2585 repositionis
2031 2486 2496 2584 reliquiarum
2541 2487 2616 2558 in
2665 2484 2924 2559 eisdem

811 2605 1079 2678 locellis
1110 2605 1538 2696 invenimus,
1592 2602 1929 2675 videlicet
1974 2602 2176 2700 quod
2215 2602 2518 2675 Karolus
2543 2603 2928 2701 imperator

811 2722 1088 2813 tertius,
1124 2722 1251 2819 qui
1282 2720 1519 2793 eidem
1552 2718 1762 2792 altari
1793 2717 2111 2815 subjacet
2127 2718 2436 2816 gloriose
2465 2717 2812 2818 sepultus,
2835 2716 2926 2788 ad

807 2837 1186 2909 tuitionem
1222 2836 1481 2908 animae
1504 2850 1574 2907 et
1623 2835 1974 2933 corporis,
2019 2833 2111 2907 de
2153 2836 2363 2908 theca
2417 2834 2770 2933 imperiali
2815 2857 2926 2904 eas

804 2949 941 3023 sibi
978 2952 1247 3023 assumi
1278 2966 1351 3023 et
1385 2976 1605 3051 penes
1640 2974 1714 3023 se
1763 2950 2016 3049 reponi
2059 2950 2416 3048 imperiali
2468 2950 2707 3022 edicto
2754 2950 2920 3021 assi-

804 3090 941 3163 gna
950 3068 1149 3139 verit.
1205 3069 1723 3161 Argumentum
1771 3065 2013 3159 etiam,
2067 3065 2262 3137 anuli
2307 3066 2418 3136 sui
2475 3064 2927 3163 depressione

804 3182 1187 3277 signatum,
1224 3180 1425 3278 quod
1450 3179 1658 3253 valde
1683 3179 2022 3252 omnibus
2057 3178 2349 3279 placuit,
2399 3178 2672 3251 ibidem
2723 3203 2924 3277 repe·

800 3297 1053 3369 rimus,
1098 3300 1241 3369 Nec
1268 3300 1460 3368 enim
1490 3296 1643 3368 sine
1674 3320 1882 3368 causa
1909 3311 2075 3369 ante
2117 3312 2446 3369 sanctum
2495 3294 2674 3368 illud
2707 3294 2926 3368 altare

800 3428 1075 3513 septem
1108 3412 1524 3512 lampades
1504 3438 1581 3485 m
1609 3413 1794 3486 vasis
1826 3413 2206 3508 argenteiS,
2243 3436 2402 3509 quae
2441 3437 2578 3483 nos
2630 3411 2922 3510 quidem

800 3526 1147 3603 dissoluta
1170 3529 1603 3621 refecimus¹,
1646 3530 2082 3601 incessanter
2119 3543 2266 3600 tam
2295 3527 2412 3601 die
2446 3552 2666 3625 quam
2711 3542 2922 3600 nocte

797 3644 871 3716 in
910 3646 1427 3744 sempiternum
1469 3644 1722 3717 ardere
1770 3644 2276 3735 constituisset,
2336 3644 2474 3715 nisi
2533 3644 2916 3715 maximam

796 3782 996 3857 spem
1035 3776 1107 3833 et
1140 3762 1459 3859 corporis
1493 3778 1563 3834 et
1608 3762 1864 3834 animae
1894 3761 1968 3832 in
1995 3776 2401 3834 sanctarum
2450 3760 2912 3859 reliquiarum

795 3876 1229 3972 repositione
1268 3877 1712 3951 credidisset.
1779 3878 2200 3976 Sumptibus
2240 3878 2432 3949 enim
2497 3876 2782 3948 illarum
2845 3888 2918 3948 et

794 3992 1252 4065 anniversarii
1296 3994 1431 4085 sui,
1476 4008 1544 4065 et
1594 4018 1894 4066 suorum
1948 3992 2342 4085 refectioni,
2391 3994 2914 4091 possessionem

872 4225 899 4279 1
918 4266 931 4281 .
965 4224 1283 4299 Afferentes
1305 4222 1400 4282 ed.
1437 4220 1648 4283 Chesn.
1681 4254 1761 4270 —
1783 4226 1844 4282 2.
1871 4226 2194 4300 Referimus
2215 4224 2354 4287 edit.
2382 4224 2624 4299 Chaen„
2658 4236 2719 4285 at
2741 4222 2909 4285 male.
