3275 5317
862 426 977 485 388
1298 424 1629 483 OEuvnss
1671 409 2099 483 commus
2137 426 2240 481 nn
2277 426 2552 485 suana.

860 554 1321 633 confluebant
1348 553 1476 627 filii
1520 552 1700 626 lucis
1743 568 1816 626 et
1849 554 1974 627 filii
2005 554 2172 627 diei.
2233 555 2542 629 Turbato
2575 580 2826 651 regno,
2867 570 2961 647 et,·

866 688 946 743 ut
976 671 1396 769 plerumque
1452 668 1557 758 fit,
1612 668 1818 743 bellis
1867 670 2417 765 emergentibus,
2452 672 2572 744 hic
2615 686 2768 743 erat
2815 698 2960 745 con·

864 784 1125 859 cordiae
1161 786 1559 884 praecipuus
1590 784 1964 881 indagator
2011 800 2086 859 et
2117 786 2311 883 pacis
2349 787 2780 860 reformator
2809 804 2962 861 stre·

866 902 1275 974 nuissimus.
1316 904 1485 972 Erat
1518 902 1754 972 Caesar
1781 900 2050 991 animo,
2081 926 2412 975 sermone
2445 902 2698 975 Cicero
2738 932 2757 973 ε
2795 920 2962 976 eral-

864 1040 1005 1113 que
1046 1014 1421 1088 rebellium
1454 1014 1799 1106 domitor,
1836 1030 1908 1087 et
1938 1017 2470 1088 contumacium
2502 1033 2959 1117 expugnator.

864 1132 972 1201 De
1000 1131 1155 1203 viro
1189 1130 1323 1202 isto
1350 1144 1544 1203 recte
1574 1130 1734 1227 quis
1757 1129 2019 1202 dixerit
2051 1156 2068 1200 ε

1151 1343 1164 1357 .
1204 1344 1219 1359 .
1257 1340 1273 1357 .
1306 1342 1323 1357 .
1358 1294 1468 1355 1110
1498 1295 1795 1369 incolumi,
1825 1316 1990 1357 mens
2016 1299 2282 1359 omnibus
2302 1318 2419 1359 una
2443 1320 2462 1358 ε

1144 1402 1393 1478 Amisso,
1423 1420 1632 1481 rupere
1672 1401 1844 1460 fidem
1863 1404 1906 1465 ¹.

960 1564 1047 1631 Et
1068 1572 1151 1630 ut
1178 1555 1517 1629 audacter
1561 1552 1861 1652 aliquid,
1895 1554 2022 1628 sed
2058 1579 2224 1628 vere
2254 1555 2534 1653 loquar,
2569 1572 2768 1630 tanta
2799 1558 2972 1631 illius

864 1672 1270 1774 prudentia,
1299 1687 1493 1745 tanta
1524 1669 1664 1743 fuit
1685 1670 2124 1761 animositas,
2163 1684 2243 1742 ut
2269 1670 2456 1743 illius
2477 1673 2812 1769 regimini
2835 1700 2966 1747 non

862 1790 1207 1862 aestimem
1240 1786 1497 1859 orbem
1528 1786 1946 1859 universum
1977 1786 2294 1884 potuisse
2339 1784 2692 1861 sufficere.
2751 1794 2805 1860 F
2803 1789 2970 1863 allor

866 1906 925 1976 si
956 1928 1107 1976 non
1134 1902 1309 1974 huic
1343 1902 1715 1973 assertioni
1769 1924 1949 1973 meae
2000 1901 2152 1997 ejus
2199 1915 2624 1975 attestantur
2655 1904 2966 2002 proposi-

866 2034 1023 2092 tum
1052 2034 1126 2091 et
1153 2032 1319 2091 vota
1359 2044 1376 2087 ε
1410 2040 1567 2114 quae
1598 2030 1680 2087 ut
1709 2030 2019 2113 coeperat
2046 2038 2264 2113 opere
2289 2016 2820 2114 complevisset,
2849 2018 2966 2089 nisi

862 2158 1061 2206 mors
1124 2132 1379 2207 aemula
1442 2129 1773 2203 felicibus
1822 2136 1977 2227 ejus
2033 2128 2401 2202 invidisset
2447 2130 2754 2205 actibus.
2807 2135 2966 2203 Nam

867 2248 1065 2347 quod
1114 2248 1262 2319 duo
1318 2270 1518 2342 reges
1577 2244 1975 2337 fortissimi,
2029 2249 2468 2317 Francorum
2523 2244 2856 2317 videlicet
2905 2260 2968 2316 et

866 2368 1384 2450 Romanorum,
1414 2360 1676 2431 coactis
1711 2358 1787 2432 in
1827 2384 2054 2431 unum
2089 2358 2517 2432 exercitibus
2555 2374 2631 2432 et
2665 2360 2965 2433 collectis

868 2502 954 2550 ex
982 2491 1137 2549 toto
1170 2473 1555 2548 Occidente
1591 2474 1841 2575 copiis,
1881 2473 2168 2547 efficere
2187 2475 2430 2547 nescio
2457 2499 2607 2572 quo
2639 2476 2779 2549 Dei
2793 2475 2965 2574 judi-

864 2592 979 2665 cio
1013 2615 1165 2663 non
1197 2589 1746 2689 praevaluerunt,
1776 2589 1920 2661 hoc
1946 2589 2076 2662 iste
2101 2588 2345 2662 divino
2371 2588 2710 2663 suffultus
2737 2591 2964 2663 suffra·

868 2707 1012 2802 gio,
1062 2720 1136 2777 et
1188 2704 1526 2800 singulari
1562 2728 1712 2801 quo
1735 2704 1760 2740 ⁸
1811 2703 2266 2802 praecellebat
2319 2705 2640 2801 ingenie,
2703 2720 2964 2779 strenue

868 2820 1200 2919 supplere
1218 2820 1371 2915 jam
1401 2843 1766 2916 aggressus
1793 2818 2050 2908 fuerat,
2067 2819 2252 2893 sicut
2273 2843 2574 2919 sequens
2593 2819 2968 2895 declarabit

870 2936 1211 3008 narratio.
1244 2934 1383 3007 Sed
1412 2958 1664 3007 vereor
1693 2959 1786 3005 ne
1817 2958 2058 3009 rerum
2087 2935 2440 3035 majestati
2469 2934 2594 3011 fiat
2619 2938 2892 3036 injuria,
2915 2936 2967 3007 si

868 3052 1148 3125 calamo
1183 3066 1328 3124 tam
1358 3051 1612 3147 agresti
1634 3051 2130 3126 describantur
2158 3068 2233 3126 et
2260 3056 2483 3127 tenui.
2525 3055 2824 3126 Interim
2851 3078 2968 3125 au·

870 3185 1019 3243 tem
1053 3167 1147 3240 de
1195 3166 1354 3238 vitae
1385 3166 1575 3238 illius
1605 3165 1829 3239 modo
1856 3167 1968 3240 vel
2003 3168 2328 3242 moribus
2365 3167 2606 3242 adhuc
2637 3168 2976 3242 addemus

870 3286 1141 3384 aliqua,
1176 3283 1499 3381 quamvis
1530 3282 1966 3356 cotidianam
2007 3284 2156 3380 ejus
2203 3286 2424 3356 vitam
2463 3297 2536 3354 et
2576 3282 2796 3357 verba
2836 3283 2976 3357 fere

874 3400 1148 3497 singula
1171 3398 1798 3472 commendatione
1823 3412 2100 3471 constet
2123 3424 2271 3471 esse
2300 3399 2732 3495 dignissima.

966 3520 1136 3587 Erat
1164 3513 1461 3613 quidem
1484 3536 1749 3611 corpus
1775 3510 1990 3587 breve
2013 3516 2306 3588 sortitus
2337 3527 2412 3587 et
2435 3513 2725 3609 gracile,
2759 3516 2886 3589 scd
2913 3532 2984 3591 et

876 3627 1079 3702 labor
1104 3629 1426 3702 assiduus
1481 3626 1877 3726 plurimum
1931 3627 2326 3702 detraxerat
2377 3628 2680 3703 viribus.
2745 3632 2982 3705 Victus

875 3761 1115 3818 tamen
1136 3743 1595 3845 parsimonia,
1628 3757 1702 3815 et
1729 3742 2062 3819 ciborum
2091 3746 2215 3843 qui
2241 3743 2478 3840 gulam
2507 3745 2794 3820 irritant
2825 3772 2980 3821 mo-

956 3958 983 4014 1
1000 3996 1017 4012 .
1042 3954 1276 4024 Seneca,
1305 3954 1397 4011 De
1424 3952 1758 4020 Clementia,
1805 3953 1867 4009 4.

947 4048 1009 4106 2.
1044 4050 1168 4122 Quo
1192 4044 1355 4104 deest
1379 4039 1442 4102 in
1462 4041 1601 4104 edd.
1630 4040 1776 4101 Ideo
1801 4038 2152 4103 Benedictini
2187 4043 2535 4103 adnotavere
2569 4064 2582 4103 :
2619 4070 2652 4098 α
2683 4048 2904 4107 Forsan
2925 4062 2982 4105 ue

867 4140 1173 4217 singulari,
1198 4156 1305 4217 pro
1330 4152 1389 4196 et
1406 4138 1711 4215 singulari·
1736 4158 1766 4187 ι
