3275 5317
868 572 979 631 ¹20
1288 568 1611 627 moveas
1651 552 2076 625 conam-Es
2117 566 2218 621 DE
2259 563 2528 622 sunna.

860 719 934 776 et
990 702 1491 800 episcoporum
1549 713 1620 769 et
1675 696 2172 793 religiosorum
2217 720 2430 795 prece
2477 696 2824 785 virorum,
2875 693 2960 766 ab

860 818 1047 891 illius
1084 820 1104 857 ¹
1167 816 1367 912 regni
1418 812 1904 886 devastatione
1951 828 2024 885 et
2078 836 2474 912 pauperum
2519 811 2963 910 depressione

862 934 979 1005 vix
1010 956 1084 1005 se
1105 931 1471 1005 continere
1511 928 1868 1001 valebant.

958 1052 1179 1119 Tanta
1200 1046 1415 1143 igitur
1434 1060 1509 1117 et
1530 1060 1680 1116 tam
1709 1042 1968 1117 celebri
2011 1044 2279 1142 potitus
2293 1046 2315 1081 ⁹
2353 1042 2647 1115 victoria
2664 1044 2689 1081 ⁸
2748 1042 2962 1139 (idem

866 1162 1059 1236 enim
1079 1176 1204 1234 aut
1233 1160 1551 1259 superius
1575 1160 1711 1232 fuit
1734 1183 1954 1257 quam
1983 1159 2038 1230 si
2074 1182 2328 1257 campo
2361 1158 2962 1256 triumphassent),

865 1277 1154 1351 Francis
1218 1274 1790 1373 repatriantibus,
1841 1299 1966 1345 rex
2001 1273 2424 1346 exhilaratus
2467 1297 2601 1345 nec
2665 1274 2972 1369 ingratus

866 1392 961 1465 ad
993 1405 1433 1490 protectores
1462 1415 1628 1462 suos
1679 1389 2158 1463 sanctissimos
2195 1403 2544 1485 martyres
2574 1386 2973 1460 humillime

866 1508 1182 1599 devenit,
1218 1507 1459 1603 eisque
1506 1520 1672 1605 post
1717 1510 1953 1577 Deum
2011 1506 2270 1602 gratias
2321 1528 2613 1598 magnas
2669 1503 2974 1575 referens

868 1647 1211 1696 coronam
1251 1620 1474 1720 patris
1523 1622 1664 1711 sui,
1717 1645 1934 1718 quam
1995 1620 2255 1715 injuste
2296 1619 2680 1691 retinuerat
2719 1624 2742 1655 ⁸
2779 1616 2975 1715 (jure

868 1735 1063 1807 enim
1098 1734 1191 1806 ad
1232 1734 1393 1805 eos⁸
1427 1756 1678 1804 omnes
1708 1732 2126 1830 pertinent),
2156 1731 2611 1803 devotissime
2647 1732 2970 1821 restituit,

870 1848 1232 1922 Indictum
1264 1848 1565 1920 exterius
1594 1848 1669 1919 in
1702 1847 1936 1945 platea
1969 1846 2293 1943 (interius
2331 1846 2522 1917 enim
2549 1848 2974 1919 Sanctorum

870 1964 1049 2060 erat)
1112 1964 1578 2035 libentissime
1649 1961 1998 2052 reddidit,
2068 1962 2418 2035 viaturam
2481 1961 2976 2035 omnimodam

871 2078 1135 2176 quibus
1170 2080 1411 2178 spatiis
1440 2102 1688 2151 cruces
1727 2093 1797 2151 et
1833 2080 2187 2151 columnae
2225 2093 2634 2151 statuuntur
2667 2104 2978 2151 marmo-

869 2218 1030 2281 reae,
1065 2196 1267 2291 quasi
1306 2194 1537 2268 Gades
1569 2195 1892 2267 Herculis
1923 2194 2260 2267 omnibus
2299 2192 2716 2267 obsistentes
2762 2195 2980 2267 hosti·

871 2308 1030 2400 buS,
1071 2311 1404 2409 praecepti
1456 2310 1627 2405 regii
1687 2309 2226 2383 confirmatione
2279 2310 2614 2382 sanccivit
2633 2312 2680 2380 ⁸.
2737 2314 2981 2381 Sacras

870 2424 1085 2496 etiam
1126 2424 1559 2497 venerabiles
1590 2425 2220 2517 sacratissimorum
2267 2450 2656 2524 corporum
2697 2425 2984 2498 lectioes

871 2554 1259 2635 argenteaS,
1298 2564 1451 2635 quae
1481 2539 1686 2612 altari
1717 2539 2088 2639 principali
2133 2541 2592 2641 superpositae
2634 2556 2788 2613 toto
2833 2565 2986 2639 spa-

874 2656 979 2726 tio
1005 2654 1237 2727 bellici
1275 2670 1668 2728 conventus
1700 2656 2103 2748 extiterant,
2135 2654 2259 2729 ubi
2282 2658 2629 2729 continuo
2657 2656 2982 2729 celeber-

872 2772 1063 2843 rimo
1096 2770 1237 2844 diei
1270 2787 1342 2845 et
1370 2773 1603 2844 noctis
1638 2770 1880 2844 officio
1921 2772 2222 2843 fratrum
2261 2772 2708 2864 colebantur,
2758 2773 2984 2853 multa

875 2885 1315 2961 devotissimi
1368 2886 1617 2987 populi
1649 2902 1722 2958 et
1753 2887 2234 2985 religiosarum
2271 2889 2682 2981 mulierum,
2711 2889 2804 2961 ad
2833 2889 2980 2961 suf-

876 3000 1298 3095 fragandum
1354 3002 1716 3087 exercitui,
1752 3002 2385 3099 frequentabantur
2417 3004 2796 3103 multiplici
2829 3030 2987 3077 ora-

802 3174 811 3183 .
874 3115 1095 3205 tione,
1136 3141 1261 3188 rex
1294 3117 1441 3214 ipse
1470 3119 1767 3216 proprio
1793 3118 1977 3191 collo
2001 3117 2334 3191 dominos
2357 3135 2427 3192 et
2449 3134 2791 3217 patronos
2817 3145 2984 3192 suos

874 3254 1041 3302 cum
1072 3228 1601 3329 lachrymarum
1612 3234 1970 3306 affluentia
2005 3233 2480 3307 filialiterloco
2507 3260 2639 3307 suo
2669 3250 2984 3335 reporta-

876 3346 1004 3437 vit,
1054 3345 1439 3445 multisque
1480 3364 1629 3421 tam
1662 3365 1863 3423 terrae
1915 3375 2131 3446 quam
2175 3350 2476 3423 aliarum
2515 3353 2988 3425 commodita-

882 3477 1037 3535 tum
1094 3464 1433 3557 donariis,
1498 3490 1629 3563 pro
1696 3465 1810 3537 his
1861 3479 1933 3538 et
1988 3466 2140 3538 aliis
2201 3467 2534 3565 impensis
2586 3467 2978 3561 beneficiis»,

963 3712 1024 3771 1.
1057 3714 1113 3769 A
1138 3713 1446 3771 theutonici
1480 3722 1647 3771 notat
1679 3709 1981 3790 glossator.
2024 3746 2101 3759 —
2122 3717 2181 3775 2.
2219 3717 2428 3773 Potitis
2455 3716 2594 3777 543.

962 3805 1021 3862 3.
1048 3808 1171 3863 Nec
1191 3808 1423 3862 multum
1448 3819 1680 3863 cruenta
1700 3802 1864 3863 addit
1891 3804 2190 3882 glossator.

963 3900 1021 3957 4.
1058 3902 1341 3956 Tenuerat
1399 3898 1535 3956 edd.
1578 3900 1778 3958 Germ.
1809 3917 1877 3956 ac
1912 3898 2123 3961 Chesn.
2147 3933 2226 3946 —
2253 3906 2379 3960 Huc
2417 3922 2593 3978 usque
2625 3903 2788 3963 addit
2829 3904 2988 3981 glos-

884 3999 1060 4049 sator.
1082 3992 1152 4047 V.
1180 3989 1355 4070 infra,
1384 3990 1444 4049 in
1472 3990 1777 4053 observat.

961 4088 1019 4145 5.
1050 4084 1259 4160 Regum
1284 4086 1672 4143 decedentium
1693 4085 1855 4144 addit
1879 4088 2182 4165 glossator.

961 4179 1023 4235 6.
1078 4181 1135 4236 E
1135 4191 1160 4234 t
1185 4198 1299 4253 pro
1344 4180 1732 4252 satisfactione
1764 4186 1982 4253 injusta
2025 4187 2372 4256 retentionis,
2413 4184 2746 4261 Cer-giacum
2775 4188 2988 4257 villam,

882 4290 1005 4327 eum
1020 4270 1273 4329 omnibus
1286 4278 1672 4348 pertinendi-5,
1699 4292 1884 4332 eorum
1897 4278 2140 4333 ecclesiae
2169 4274 2482 4335 liberaliter
2501 4285 2772 4335 concessit
2781 4298 2996 4356 perpe-
