3275 5317
890 394 1005 453 392
1326 392 1652 451 u-:uvnss
1689 378 2120 451 cometen-:s
2161 394 2262 450 m:
2301 392 2571 454 socna.

887 524 1215 625 prasiniS,
1252 521 1682 614 cristallinis,
1713 522 1826 595 vel
1853 524 2054 595 omui
2109 520 2346 621 lapide
2386 524 2694 621 pretioso
2713 578 2735 611 ,
2767 524 2976 623 palliis

880 664 1171 740 quoque
1195 638 1600 738 purpurei5‚
1616 637 2008 711 cicladibus
2039 663 2216 711 auro
2243 639 2474 729 textis,
2509 654 2586 710 et
2609 638 2972 713 indumen-

878 760 973 829 tis
1000 752 1407 828 olosericis:
1444 753 1708 849 quibus
1732 751 2010 825 addidit
2036 778 2254 851 opera
2287 778 2436 825 non
2467 754 2974 827 contemnenda

884 871 1047 943 vitri
1075 870 1608 959 velmarmoriS,
1647 884 1720 941 et
1746 894 1910 942 vasa
1941 884 2184 943 sancta
2217 869 2745 971 multiplicavit.

980 991 1235 1057 Extant
1292 1008 1724 1080 magnorum
1787 986 2104 1059 virorum
2149 984 2606 1083 quamplures
2647 986 2746 1057 ad
2789 986 2972 1059 illum

882 1100 1225 1201 epistolae,
1288 1100 1471 1171 inter
1513 1124 1698 1197 quos
1743 1099 1850 1172 illi
1907 1098 2222 1173 crebrius
2273 1100 2712 1199 scripserunt
2753 1106 2974 1173 Petrus

882 1216 1108 1289 abbas
1127 1213 1611 1288 Cluniacensis
1645 1229 1720 1287 et
1739 1214 2140 1287 Bet-nardus
2175 1213 2738 1305 Clarevallensis,
2777 1217 2970 1289 ambo

880 1331 1027 1403 vita
1056 1345 1129 1402 et
1156 1330 1449 1403 scientia
1484 1344 1730 1427 atque,
1781 1330 1982 1426 quod
2031 1346 2192 1428 post
2233 1330 2366 1402 ista
2411 1346 2542 1423 est,
2587 1330 2970 1430 eloquentia

880 1446 1247 1519 clarissimi
1308 1471 1326 1515 ε
1372 1470 1684 1543 quorum
1727 1446 2138 1518 testimonio
2191 1446 2358 1517 satis
2403 1462 2730 1544 apparet,
2777 1473 2965 1545 quam

878 1561 1111 1635 clarus
1146 1560 1267 1633 hie
1304 1558 1415 1631 vel
1445 1585 1533 1632 eu
1529 1561 1650 1658 jus
1679 1560 2039 1658 opinionis
2067 1558 2260 1659 apud
2281 1585 2530 1633 omnes
2561 1561 2682 1634 vel
2699 1564 2966 1663 puopin-

876 1702 1059 1775 quos
1088 1675 1203 1748 vel
1238 1689 1549 1747 remotos
1573 1676 1908 1748 extiterit.
1945 1677 2238 1773 Scripsit
2268 1701 2558 1775 quoque
2597 1676 2796 1750 idem
2835 1682 2966 1749 Deo

874 1790 1201 1865 amabilis
1244 1804 1449 1889 pater
1500 1790 1895 1863 Bernardus
1949 1816 2234 1865 summo
2291 1792 2618 1865 Pontifici
2675 1793 2966 1890 Eugenio

875 1908 1174 1981 brevem
1205 1904 1502 2003 quidem
1536 1905 1944 2005 epistolam,
1977 1904 2104 1977 sed
2133 1930 2280 1979 non
2315 1906 2570 1980 breves
2617 1910 2760 1981 viri
2797 1910 2966 1981 istius

876 2022 1122 2097 laudes
1153 2022 1717 2096 continentem¹:
1753 2022 1826 2093 in
1863 2046 2008 2120 qua
2033 2022 2238 2095 illum
2261 2024 2510 2095 asserit
2538 2026 2742 2123 apud
2770 2030 2965 2097 Caesa-

874 2164 1028 2212 rem
1048 2138 1250 2237 quasi
1282 2160 1509 2209 unum
1542 2136 1633 2208 de
1665 2137 1863 2208 curia
1900 2135 2114 2209 fuisse
2151 2142 2492 2227 Romana,
2529 2140 2732 2237 apud
2767 2144 2966 2213 Deum

875 2254 1079 2353 quasi
1114 2277 1343 2325 unum
1379 2252 1469 2325 de
1493 2254 1690 2325 curia
1723 2252 2014 2341 coelesti,
2061 2276 2210 2325 non
2245 2254 2450 2327 aliter
2485 2280 2710 2352 quam
2765 2256 2966 2329 Daxid

876 2368 1423 2459 sanctissimum,
1460 2369 1532 2439 in
1566 2366 1790 2441 domo
1835 2368 1968 2440 Dei
2015 2368 2532 2464 ingredientem
2573 2396 2714 2471 per
2755 2372 2968 2445 omnia

876 2501 947 2558 et
966 2484 1475 2579 egredientem.
1508 2482 1748 2556 Abbas
1771 2484 2236 2557 nihilominus
2268 2485 2782 2577 Cluniacensis‚
2817 2512 2964 2559 oon-

876 2597 1201 2673 sideratis
1224 2597 1611 2695 aliquando
1636 2600 1790 2698 ejus
1815 2599 2154 2697 operibus
2184 2614 2257 2671 et
2275 2604 2676 2691 structuriS,
2713 2627 2876 2675 cum
2891 2601 2964 2673 ad

874 2715 1207 2787 cellulam
1238 2714 1653 2813 respexisset
1706 2713 2224 2805 brevissimam,
2269 2741 2485 2813 quam
2525 2718 2666 2790 sibi
2707 2720 2804 2791 ad
2839 2744 2968 2791 ma-

874 2828 1197 2901 nendum
1253 2830 1363 2901 vir
1400 2852 1680 2901 summe
1719 2828 2186 2929 philosophus
2231 2846 2664 2923 extruxerat,
2697 2836 2778 2906 in
2809 2834 2968 2907 hanc

875 2942 1103 3014 fertur
1128 2942 1339 3014 altius
1380 2943 1846 3039 ingemiscens
1898 2946 2214 3041 erupisse
2255 2949 2675 3019 sententiam
2707 2976 2730 3021 z
2767 2980 2802 3017 ι
2821 2954 2968 3021 Om-

880 3087 915 3123 «
944 3080 1101 3147 nes,
1134 3057 1393 3154 inquit,
1430 3082 1562 3130 nos
1584 3058 1807 3131 homo
1840 3058 1969 3130 iste
1999 3057 2455 3147 condemnat,
2487 3064 2613 3159 qui
2650 3090 2802 3137 non
2841 3066 2968 3163 ipse

882 3206 917 3243 c<
950 3170 1085 3244 sibi
1132 3186 1215 3243 ut
1260 3196 1420 3262 nos,
1470 3173 1595 3246 sed
1655 3177 1813 3244 Deo
1865 3188 2144 3246 tantum
2205 3174 2530 3249 aedificat.
2569 3208 2604 3243 n
2647 3183 2730 3250 ln
2791 3182 2966 3251 omni

872 3288 1223 3386 siquidem
1268 3288 1925 3361 amministrationis
1952 3314 2093 3361 suae
2120 3304 2443 3389 tempore
2475 3291 2654 3365 nihil
2681 3296 2972 3394 propriis

872 3402 1242 3476 aedificavit
1286 3402 1559 3495 usibus,
1592 3418 1850 3501 praeter
1897 3402 2244 3475 humilem
2289 3404 2482 3477 illam
2531 3409 2845 3483 ecclesiae
2869 3408 2971 3481 ad-

873 3518 1259 3591 haerentem
1306 3517 1671 3608 cellulam,
1724 3518 1976 3591 decem
2023 3520 2138 3592 vix
2193 3518 2416 3617 pedes
2471 3522 2546 3593 in
2609 3522 2970 3597 latitudine

868 3650 943 3706 et
992 3632 1405 3730 quindecim
1445 3632 1519 3704 in
1559 3633 2008 3727 longitudine
2043 3636 2530 3708 continentem
2557 3665 2574 3708 ε
2604 3662 2832 3735 quam
2859 3640 2970 3711 de·

874 3750 1063 3821 cimo
1098 3763 1485 3843 antequam
1526 3748 1909 3820 decederet
1961 3773 2154 3822 anno
2181 3748 2346 3823 ideo
2379 3750 2516 3823 sibi
2551 3754 2700 3850 ipse
2739 3768 2974 3829 statue-

876 3878 1006 3958 rat,
1029 3879 1109 3937 ut
1145 3864 1365 3937 vitam
1407 3862 1507 3935 ibi
1536 3862 2005 3958 recolligeret,
2037 3888 2256 3962 quam
2279 3866 2353 3937 in
2384 3867 2829 3941 secularibus
2860 3869 2970 3943 diu

946 4116 1010 4176 1.
1039 4116 1099 4176 S.
1126 4118 1299 4177 Bern.
1324 4116 1495 4197 epist.
1534 4120 1674 4197 309,
1703 4136 1878 4196 quam
1902 4116 2079 4191 infra,
2109 4139 2169 4199 p.
2195 4122 2338 4191 4¹9,
2367 4118 2612 4181 edimus.
