3275 5317
948 584 1071 639 vm
1112 584 1213 639 DE
1252 582 1473 639 LOUIS
1513 583 1605 639 LE
1646 578 1865 645 GRos.
2335 586 2448 645 ¹31

352 742 525 791 eum
552 717 785 807 irruit,
826 714 1043 789 altera
1082 740 1163 786 ex
1198 714 1495 813 obliquo
1520 714 1659 789 alia
1690 728 1898 813 porta
1928 711 2296 786 castellum
2326 737 2456 788 au-

348 832 601 906 dacter
648 846 977 930 occupat,
1022 855 1254 928 eoque
1310 845 1613 915 retente,
1677 828 2142 902 Guillelmum
2199 854 2242 901 a
2309 846 2462 903 tota

350 946 682 1021 Flandria
713 945 1238 1019 exhaeredatum
1270 945 1696 1018 exterminat
1727 970 1744 1015 τ
1775 960 1848 1017 et
1863 946 2032 1043 quia
2051 943 2463 1044 proditione

349 1062 445 1135 ad
478 1061 983 1161 possidendam
1014 1060 1421 1133 Flandriam
1448 1061 1907 1159 aspiraverat,
1937 1060 2190 1133 merito
2213 1061 2287 1132 in
2319 1075 2466 1133 tota

351 1177 685 1250 Flandria
717 1176 897 1250 nihil
929 1175 1268 1249 obtinuit.
1311 1177 1439 1247 His
1474 1200 1647 1271 ergo
1679 1189 1750 1248 et
1779 1174 2078 1247 diversis
2109 1176 2468 1249 ultionum

350 1293 616 1381 modis,
656 1307 729 1365 et
760 1293 1117 1388 sanguinis
1147 1290 1363 1364 multi
1395 1290 1746 1364 effusione
1779 1292 1926 1363 lota
1947 1307 2020 1364 et
2044 1293 2247 1389 quasi
2261 1290 2470 1364 reba-

351 1409 616 1509 ptizata
641 1407 997 1501 mandria,
1036 1406 1419 1481 Guillelmo
1452 1410 1876 1481 Normanno
1909 1408 2171 1480 comite
2202 1409 2470 1481 consti-

354 1538 545 1616 tuto,
593 1547 719 1597 rex
747 1523 825 1595 in
855 1522 1257 1615 Franciam,
1307 1525 1463 1593 Deo
1504 1521 1912 1615 auxiliante,
1954 1525 2182 1595 victor
2201 1548 2472 1597 remea-

352 1642 520 1713 vit¹.

455 1756 670 1826 XXX.
733 1750 874 1825 Sed
926 1767 1001 1825 et
1045 1752 1260 1825 aliam
1317 1752 1764 1826 consimilem
1804 1768 1878 1825 et
1907 1758 2062 1826 Deo
2095 1770 2370 1851 gratam
2400 1772 2474 1831 et

355 1870 493 1942 alia
522 1870 677 1942 vice
706 1868 1059 1940 famosam
1087 1868 1259 1941 fecit
1297 1868 1674 1961 ultionem,
1711 1894 1880 1942 cum
1905 1870 2278 1945 hominem
2305 1898 2470 1972 per·-

360 1985 793 2060 ditissimum
833 1985 1183 2057 Thomam
1240 1983 1333 2057 de
1380 1988 1649 2076 Marna,
1707 1985 2080 2058 ecclesiam
2127 1990 2262 2060 Dei
2293 2004 2474 2062 tere·

360 2100 721 2193 brantem,
782 2126 917 2173 nec
971 2103 1203 2171 Deum
1255 2124 1389 2172 nec
1443 2099 1820 2172 hominem
1873 2119 2348 2195 reverentem,
2393 2105 2468 2175 in

360 2242 581 2290 manu
625 2216 794 2288 forti
832 2214 1153 2288 celeriter
1212 2228 1557 2311 tanquam
1614 2215 1944 2287 titionem
2007 2216 2475 2313 fumigantem

361 2332 704 2404 extinxit².
742 2329 1066 2419 Querulo
1100 2328 1454 2426 siquidem
1469 2328 1926 2401 ecclesiarum
1956 2328 2250 2428 planctu
2270 2356 2474 2405 com·

359 2446 630 2545 pulsuS,
668 2470 841 2519 cum
864 2441 1297 2515 Laudunum
1327 2442 1421 2514 ad
1465 2441 1963 2515 ulciscendum
1985 2442 2465 2536 adventasset,

362 2563 867 2661 episcoporum
902 2574 974 2633 et
1006 2558 1207 2653 regni
1236 2558 1670 2655 optimatum
1709 2559 2198 2656 persuasione,
2239 2578 2310 2635 et
2328 2588 2476 2637 ma-

362 2676 552 2747 xime
591 2675 849 2770 egregii
882 2674 1167 2745 comitis
1210 2671 1792 2745 viromandensis
1829 2674 2135 2767 Radulfl,
2175 2678 2302 2775 qui
2341 2704 2474 2778 po-

363 2790 632 2861 tentior
658 2790 811 2861 aliis
840 2803 1003 2887 post
1043 2810 1280 2883 regem
1310 2788 1387 2857 in
1413 2787 1738 2885 partibus
1765 2787 1902 2860 illis
1927 2804 2104 2883 erat,
2145 2794 2470 2888 consilio,

360 2906 437 2977 in
473 2929 640 2976 eum
672 2903 935 2977 ducere
965 2903 1355 2975 exercitum
1394 2902 1804 2974 Cociacum⁸
1831 2901 2307 2980 deliberatum
2337 2924 2465 2981 est.

358 3018 765 3091 Festinante
811 3031 1053 3089 autem
1094 3040 1259 3113 rege
1308 3014 1402 3088 ad
1453 3030 1794 3108 castrum,
1852 3042 2022 3091 cum
2091 3021 2215 3117 qui
2274 3022 2472 3097 missi

361 3134 646 3207 fuerant
703 3146 1197 3232 opportunum
1262 3132 1630 3231 explorare
1695 3156 2052 3207 accessum
2113 3136 2470 3235 importu-

362 3275 541 3323 num
568 3250 870 3323 omnino
906 3264 977 3323 et
1006 3248 1490 3321 inaccessibile
1513 3248 2076 3342 renunciassent,
2109 3268 2183 3325 et
2211 3276 2254 3323 a
2278 3251 2468 3325 mul-

360 3368 450 3439 tis
464 3368 973 3463 angariaretur,
992 3366 1193 3462 juxta
1205 3364 1449 3436 audita
1468 3364 1845 3437 consilium
1861 3382 2140 3440 mutare
2174 3366 2466 3459 debere,

359 3516 486 3563 rex
524 3491 676 3590 ipsa
712 3488 1123 3585 indignatus
1170 3488 1664 3561 animositate·
1711 3518 1746 3556 «
1773 3489 2123 3577 Lauduni,
2191 3490 2459 3587 inquit,

366 3636 402 3674 α
440 3608 582 3680 hoc
608 3605 948 3678 remansit
971 3603 1371 3677 consilium.
1398 3604 1615 3691 Quod
1628 3606 1822 3675 enim
1845 3602 2462 3678 ibi‘deliberatum

372 3752 411 3789 α
447 3735 580 3814 est,
600 3746 735 3795 nec
767 3746 903 3821 pro
930 3734 1163 3793 morte
1180 3745 1313 3791 nec
1343 3743 1476 3818 pro
1490 3719 1639 3793 vita
1661 3719 2124 3791 mutabimus,
2169 3718 2470 3795 Vilesce-

372 3868 411 3907 α
443 3854 553 3911 ret
569 3839 826 3911 merito
852 3838 1060 3934 regiae
1084 3837 1467 3935 majestatis
1484 3832 2040 3932 magnificentia,
2059 3834 2117 3907 si
2146 3837 2447 3913 scelerat

450 4114 509 4169 1.
538 4114 709 4169 Anno
738 4110 1013 4169 1128.—
1053 4110 1115 4168 Ξ.
1146 4110 1317 4168 Anno
1340 4108 1518 4167 1130.

446 4206 505 4264 3.
537 4205 819 4263 cotiaeum
854 4203 992 4261 543.
1020 4204 1185 4261 Nunc
1210 4201 1768 4275 coucy-le-Clcateau
1790 4198 2036 4281 (Alme).

448 4301 510 4359 4,
538 4295 636 4357 Ibe·
666 4294 952 4357 omittitur
976 4294 1037 4353 in
1063 4294 1195 4354 cod.
1224 4295 1443 4353 12710.
