3275 5317
796 600 873 658 50
1218 597 1545 656 OEuvnsss
1586 577 2016 653 courLETEs
2055 595 2158 652 ΒΕ
2199 592 2473 653 sUGEa.

794 732 1120 804 Praefatus
1177 730 1415 826 itaque
1454 727 1693 800 Guido
1741 725 2046 816 Rubeus,
2105 724 2434 823 filiusque
2489 725 2641 823 ejus
2690 732 2896 826 Hugo

788 844 1315 934 Creciacensis¹,
1335 843 1617 940 juvenis
1632 841 1960 933 idoneus,
1984 843 2201 915 armis
2225 857 2580 936 strenuus,
2607 859 2759 917 tam
2779 855 2896 917 ra-

786 962 970 1058 pinis
1014 985 1232 1058 quam
1269 957 1620 1032 incendiis
1657 973 1890 1056 aptuS,
1929 958 2292 1055 totiusque
2325 959 2523 1055 regni
2568 959 2898 1033 turbator

780 1076 1216 1166 celerrimus,
1256 1099 1553 1146 rancore
1576 1073 1798 1145 animi
1837 1073 2200 1147 cumulato
2245 1098 2379 1172 pro
2414 1075 2653 1147 amissi
2687 1078 2900 1149 castri

782 1193 1090 1266 Gornaci
1120 1190 1637 1281 erubescentia,
1667 1216 1709 1262 a
1746 1189 1948 1286 regiae
1981 1189 2402 1264 excellentiae
2438 1192 2920 1287 derogatione‘

690 1392 699 1400 ,
781 1333 928 1380 non
950 1297 1341 1380 cessabant.
1382 1311 1780 1404 Eapropter
1795 1329 1926 1377 nec
1959 1306 2173 1377 etiam
2199 1306 2394 1377 fratri
2427 1307 2897 1380 Corboilensi·

780 1423 1047 1514 Odoni,
1095 1422 1260 1518 quia
1302 1421 1368 1492 ei
1419 1421 1688 1492 nullam
1734 1434 1988 1492 contra
2029 1445 2270 1516 regem
2324 1422 2578 1495 tulerat
2645 1447 2888 1516 opem,

776 1561 1067 1636 parcere
1115 1536 1355 1632 elegit3
1423 1533 1549 1606 sed
1603 1535 1758 1632 ejus
1811 1533 2152 1606 insidians
2201 1535 2659 1634 simplicitati,
2726 1562 2895 1610 cum

778 1652 1094 1751 quadam
1126 1651 1241 1724 die
1268 1665 1604 1724 venatum
1651 1650 1739 1722 iri
1776 1674 1993 1749 penes
2024 1676 2100 1722 se
2151 1676 2396 1724 secure
2437 1653 2890 1748 decrevisset,

778 1767 953 1865 quid
1013 1767 1141 1855 rei,
1194 1765 1369 1863 quid
1416 1767 1563 1865 spei
1607 1781 1946 1863 corrupta
1997 1767 2267 1839 invidia
2325 1769 2900 1864 consanguinitas

774 1882 1025 1979 pariat,
1082 1881 1425 1978 insipiens
1486 1881 2015 1953 animadvertit.
2077 1885 2346 1979 Raptus
2423 1883 2757 1979 equidem
2803 1883 2894 1956 ab

775 1995 1031 2068 eodem
1076 1997 1289 2066 fratre
1334 1999 1660 2089 Hugone,
1698 1995 1772 2065 in
1814 2010 2045 2066 castro
2089 1995 2216 2092 qui
2256 1994 2520 2068 dicitur
2570 1998 2898 2071 Firmitas

782 2111 1136 2184 Balduini⁸
1160 2109 1633 2210 compedibus
1654 2124 1726 2180 et
1756 2110 2020 2182 catenis
2055 2109 2489 2209 impeditur:
2527 2137 2660 2184 nec
2692 2115 2752 2184 si
2787 2113 2897 2186 fa·

774 2228 1000 2300 cultas
1031 2240 1464 2326 suppeteret,
1490 2225 1624 2296 nisi
1656 2248 1826 2297 cum
1845 2249 2085 2321 regem
2118 2224 2493 2322 impeteret
2512 2226 2732 2318 bello,
2767 2253 2894 2300 ex-

774 2343 1169 2438 pediretur.
1232 2345 1391 2428 Qua
1450 2340 1784 2411 inusitata
1849 2341 2153 2433 insania,
2196 2341 2540 2438 oppidani
2586 2342 2891 2415 Curboi-

776 2459 1035 2532 leuses⁴
1064 2456 1271 2528 multi
1326 2453 1857 2553 (oppugnabat⁸
1899 2457 2094 2527 enim
2150 2456 2517 2529 castellum
2559 2473 2900 2534 veterana

774 2573 1087 2645 militum
1139 2570 1538 2642 multorum
1560 2568 1930 2668 nobilitas)
1962 2572 2057 2643 ad
2103 2572 2310 2666 regiae
2339 2573 2722 2668 majestatis
2763 2599 2899 2672 pu-

774 2688 1047 2760 blicum
1069 2685 1497 2779 confugiunt
1515 2686 1831 2780 asylum:
1861 2684 2162 2780 genibus
2187 2688 2339 2784 ejus
2361 2689 2752 2785 provoluti,
2787 2691 2894 2763 la-

776 2801 1201 2903 chrymabili
1234 2801 1541 2897 singultu
1572 2815 1862 2899 captum
1889 2802 2233 2874 comitem
2250 2819 2322 2874 et
2352 2805 2699 2901 captionis
2731 2831 2896 2878 cau·

778 2943 929 2990 sam
958 2917 1419 3006 denunciant,
1454 2929 1526 2985 et
1547 2929 1631 2986 ut
1658 2939 1824 2985 eum
1871 2931 2202 3012 potenter
2235 2919 2483 3014 eripiat
2517 2919 2896 3017 multiplici

781 3057 988 3133 prece
1038 3031 1442 3104 sollicitant.
1481 3033 1618 3127 Spe
1660 3047 1901 3102 autem
1933 3032 2314 3129 ereptionis
2364 3059 2451 3105 eo
2492 3035 2895 3131 spondente

778 3161 1128 3245 suscepta,
1190 3145 1370 3216 iram
1424 3144 1772 3240 mitigant,
1831 3144 2158 3218 dolorem
2219 3148 2587 3240 alleviant,
2631 3165 2702 3222 et
2749 3175 2894 3248 qua

780 3279 973 3354 arte,
1016 3257 1277 3360 quibus
1337 3257 1609 3331 valeant
1666 3257 1974 3341 viribus,
2039 3260 2416 3335 dominum
2475 3289 2894 3363 recuperare

782 3381 1177 3454 decertant.
1195 3374 1399 3447 Unde
1419 3390 1660 3447 actum
1677 3390 1784 3448 est
1815 3392 1896 3450 ut
1921 3377 2216 3474 quidam
2241 3377 2331 3453 de
2356 3381 2716 3456 Firmitate
2741 3384 2899 3456 Bal-

862 3563 888 3616 1
904 3598 924 3619 .
956 3559 1268 3615 o-acieraesis
1292 3557 1472 3614 5925.

862 3655 921 3709 2.
952 3653 1148 3708 Fratri
1158 3691 1175 3722 ,
1208 3653 1397 3704 comiti
1434 3645 1774 3706 Corbot'lensi
1811 3647 1950 3707 543.
1989 3645 2268 3708 'Uterinus
2301 3649 2437 3710 sane
2477 3651 2652 3710 frater
2683 3653 2896 3730 Bugo-

778 3741 872 3802 nis
914 3752 1039 3801 erat
1070 3737 1240 3817 Odol,
1282 3739 1484 3818 utpote
1518 3737 1670 3798 filius
1705 3737 1984 3798 Burcardi
2018 3743 2101 3816 11,
2155 3740 2318 3822 cujus
2345 3741 2516 3802 vidua
2556 3744 2629 3803 ad
2661 3743 2894 3824 nuptias

781 3829 1063 3890 Guidonis
1086 3827 1269 3888 Rubei
1295 3828 1724 3890 convolaverat.
1739 3833 1827 3889 De
1847 3831 1956 3890 hat:
1971 3842 2160 3891 tamen
2181 3833 2515 3914 genealogia
2533 3833 2888 3896 Benedictini

784 3922 1133 4002 discrepant.

856 4021 917 4079 3.
943 4023 1036 4077 La
1062 4019 1463 4091 Ferte-Azeps,
1487 4027 1552 4073 ut
1576 4027 1740 4094 putat
1761 4016 2054 4093 Valesius3
2093 4018 2258 4099 cujus
2284 4020 2398 4080 loci
2429 4039 2640 4080 nomen
2669 4021 2884 4082 rectius

774 4109 1120 4170 scriberetur
1150 4112 1208 4166 la
1234 4110 1613 4180 Fene-Aluit,
1632 4107 1708 4167 ab
1725 4107 1886 4169 Alice
1914 4109 2004 4170 vel
2029 4111 2328 4175 Adela'i‘de.

856 4208 917 4265 4.
946 4201 1039 4262 Sic
1064 4205 1201 4275 543,
1232 4204 1375 4274 ¹35,
1402 4211 1461 4259 et
1488 4200 1722 4263 edd.-
1744 4202 2128 4264 corboilenses
2147 4205 2350 4284 reliqui
2373 4207 2546 4267 codd.

856 4301 914 4361 5.
953 4294 1397 4372 opimabat135
1430 4307 1487 4354 et
1516 4299 1655 4357 543.
