3275 5317
1190 523 1544 581 CHARTES.
2309 530 2424 585 327

274 653 913 753 inpraesentiarum
946 652 1193 724 divino
1248 656 1563 751 aspectui
1608 654 1889 753 placere
1923 654 2312 749 valeamus,
2349 672 2420 729 et

278 770 369 841 in
408 768 655 842 sutum
700 767 1015 865 aliquam
1064 766 1319 840 divina»
1358 768 1853 841 retributionis
1887 772 2418 869 portiunculam

282 886 369 957 in
408 900 685 957 aeternae
716 884 1067 956 felicitatis
1098 884 1372 977 gremio
1401 883 1881 957 obtineamus,

394 1000 633 1092 Unde,
669 998 761 1073 ad
793 1000 1145 1071 honorem
1178 999 1311 1070 Dei
1352 998 1865 1099 omnipotentis
1902 1016 1978 1073 et
2015 1001 2244 1075 beatae
2290 1006 2423 1076 Dei

288 1116 661 1212 genitricis
688 1139 1109 1214 semperque
1132 1114 1422 1209 virginis
1448 1116 1707 1206 Mariae,
1728 1116 1802 1187 in
1826 1116 2140 1214 capitulo
2172 1135 2422 1192 nostro

292 1231 721 1328 generaliter
778 1228 1204 1320 residentes,
1275 1230 1495 1327 ipsius
1551 1245 1811 1303 sanctae
1870 1232 2000 1304 Dei
2068 1234 2424 1329 genitricis

291 1348 722 1421 memoriam
756 1349 1207 1438 continuare,
1262 1346 1612 1437 attollere,
1666 1346 2002 1421 decorare
2042 1352 2420 1424 constitui-

294 1489 463 1536 mus
506 1491 521 1535 :
582 1488 671 1537 eo
714 1463 1047 1536 videlicet
1098 1478 1379 1553 tenore,
1440 1478 1523 1536 ut
1581 1462 1922 1561 deinceps
1962 1466 2418 1559 aeternaliter,

295 1580 699 1653 secundum
734 1579 933 1677 quod
963 1580 1037 1651 in
1081 1577 1402 1675 catalogo
1438 1578 1652 1676 hujus
1685 1580 2148 1653 institutionis
2175 1582 2422 1655 intitu-

295 1696 527 1768 latum
591 1712 724 1788 est,
788 1696 989 1767 omni
1033 1694 1151 1767 die
1224 1694 1505 1767 sabbati
1553 1693 1968 1767 solemniter
2023 1681 2423 1771 celebretur

292 1811 917 1910 quemadmodum
943 1812 1017 1883 in
1046 1812 1317 1884 octavis
1342 1816 1805 1883 Pentecosten
1831 1810 2060 1883 tribus
2088 1816 2426 1885 extremis

294 1927 593 2021 diebus3
626 1942 883 2026 praeter
904 1927 1103 2027 quod
1140 1940 1407 2024 septem
1458 1926 1796 2015 Psalmos,
1842 1951 2010 1998 cum
2041 1928 2327 2001 Letania
2352 1946 2424 2003 et

290 2043 573 2139 Vigiliis
616 2058 1075 2115 mortuorum
1113 2041 1375 2113 dimitti
1428 2040 1921 2140 prohibemus.
1981 2042 2170 2129 Quia
2229 2045 2423 2117 enim

292 2160 527 2259 ipsam
577 2172 1098 2231 sacrosanctam
1160 2157 1291 2228 Dei
1346 2155 1784 2228 Genitricem
1801 2209 1820 2246 ,
1880 2156 2303 2251 angelorum
2349 2175 2424 2232 et

292 2274 679 2347 hominum
753 2274 1071 2371 reginam
1100 2330 1121 2363 ,
1204 2271 1421 2345 seculi
1509 2272 1870 2370 praesentis
1958 2271 2426 2346 devocatione

296 2405 372 2462 et
432 2390 709 2461 miserae
753 2390 913 2461 vitae
999 2388 1215 2487 hujus
1278 2386 1632 2461 brevitate
1693 2388 1955 2459 servire
2011 2411 2160 2459 non
2225 2388 2424 2462 suffi-

294 2502 557 2593 cimuS,
619 2501 871 2573 fratres
918 2513 1199 2572 nostros
1246 2524 1387 2596 qua
1426 2522 1806 2597 possumus
1841 2522 2052 2596 prece
2099 2512 2174 2570 et
2202 2500 2421 2594 gratia

294 2616 397 2688 ad
444 2614 767 2714 ejusdem
812 2615 1331 2688 sanctissimum
1379 2628 1451 2686 et
1502 2616 1658 2683 Deo
1718 2612 2216 2707 dignissimum
2267 2614 2420 2686 cul-

294 2746 457 2805 tum
508 2731 909 2817 incitamus,
969 2730 1413 2829 posterisque
1447 2727 1712 2799 nostris
1763 2742 1912 2797 tam
1952 2750 2166 2825 prece
2205 2753 2424 2826 quam

292 2845 651 2945 privilegii
708 2845 1259 2945 adstipulatione
1314 2846 1551 2944 ipsum
1610 2842 2135 2915 sanctissimum
2188 2858 2264 2916 et
2305 2844 2420 2941 jo-

294 2961 619 3034 cundum
693 2966 849 3034 Deo
914 2961 1337 3034 famulatum
1406 2961 1481 3032 in
1545 2972 1976 3059 perpetuum
2045 2960 2423 3031 continua-

300 3102 487 3151 muS.
1162 3164 1167 3169 ,

399 3192 907 3266 Gloriosissimi
950 3208 1291 3293 praeterea
1331 3208 1404 3266 et
1440 3192 1826 3265 dulcissimi
1862 3193 2148 3291 patroni
2198 3196 2427 3266 nostri

300 3308 722 3381 sanctissimi
754 3310 1073 3405 Dionysii
1117 3309 1621 3406 sociorumque
1663 3308 1840 3407 ejuS,
1874 3333 2185 3406 quorum
2212 3310 2425 3380 mira·

299 3424 426 3496 bili
463 3440 537 3496 et
573 3424 922 3497 ineffabili
955 3412 1305 3497 beneficio
1341 3424 1650 3515 educati,
1697 3424 1892 3497 docti
1933 3440 2004 3497 et
2039 3424 2264 3519 adjuti
2306 3446 2424 3493 su-

301 3561 495 3625 mus,
522 3534 739 3632 hujus
769 3536 1225 3607 sanctissimae
1270 3535 1398 3607 Dei
1438 3536 1835 3608 Genetricis
1879 3533 2304 3605 memoriam
2337 3556 2426 3605 eo

302 3650 563 3723 ordine
598 3665 669 3722 et
704 3650 955 3722 eadem
990 3651 1282 3749 paritate
1317 3652 1390 3721 in
1422 3652 1671 3747 quinta
1711 3648 1882 3719 feria
1917 3644 2418 3719 secundamus.

303 3770 739 3841 incessanter
792 3766 985 3839 enim
1034 3782 1185 3838 tam
1240 3780 1485 3839 sancto
1537 3782 1611 3836 et
1669 3762 2066 3862 apostolico
2121 3762 2424 3837 domino

300 3897 553 3955 nostro
602 3882 675 3953 in
716 3882 859 3954 vita
900 3896 971 3954 et
1014 3897 1178 3980 post
1216 3896 1527 3953 mortem
1580 3880 1829 3951 saltem
1871 3878 2015 3952 hoc
2054 3880 2273 3953 modo
2317 3880 2424 3952 fa-

300 3998 567 4071 mulari
616 4022 849 4097 operae
907 3997 1221 4097 pretium
1264 3997 1650 4069 duximus:
1699 4010 1802 4089 ut,
1855 4010 2222 4068 tantorum
2273 3997 2426 4092 ejus

302 4136 665 4186 memores
704 4112 1253 4203 beneficiorum‚
1294 4137 1610 4191 pronum
1638 4126 1712 4183 et
1743 4111 2143 4209 propitium
2169 4111 2425 4183 suffra-

302 4244 625 4327 gatorem
668 4229 743 4300 in
777 4242 1097 4301 extremo
1146 4242 1218 4299 et
1272 4226 1571 4301 terribili
1591 4225 1844 4323 judicii
1881 4224 1998 4299 die
2042 4223 2235 4325 apud
2283 4224 2430 4299 dis-
