<?xml version="1.0" encoding="UTF-8"?>
<!DOCTYPE html PUBLIC "-//W3C//DTD XHTML 1.0 Transitional//EN"
    "http://www.w3.org/TR/xhtml1/DTD/xhtml1-transitional.dtd">
<html xmlns="http://www.w3.org/1999/xhtml" xml:lang="en" lang="en">
 <head>
  <title>
</title>
<meta http-equiv="Content-Type" content="text/html;charset=utf-8" />
  <meta name='ocr-system' content='tesseract 3.04.00' />
  <meta name='ocr-capabilities' content='ocr_page ocr_carea ocr_par ocr_line ocrx_word'/>
</head>
<body>
  <div class='ocr_page' id='page_1' title='image "./oeuvrescompltes00marcgoog_0269.png"; bbox 0 0 3275 5317; ppageno 0'>
   <div class='ocr_carea' id='block_1_1' title="bbox 784 562 2456 638">
    <p class='ocr_par' dir='ltr' id='par_1_1' title="bbox 784 562 2456 638">
     <span class='ocr_line' id='line_1_1' title="bbox 784 562 2456 638; baseline -0.003 -2"><span class='ocrx_word' id='word_1_1' title='bbox 784 582 896 638; x_wconf 70' lang='lat'><strong>236</strong></span> <span class='ocrx_word' id='word_1_2' title='bbox 1216 576 1541 637; x_wconf 78' lang='lat' dir='ltr'><strong>OEuvnEs</strong></span> <span class='ocrx_word' id='word_1_3' title='bbox 1582 562 2009 633; x_wconf 77' lang='lat' dir='ltr'><strong>COMPLETES</strong></span> <span class='ocrx_word' id='word_1_4' title='bbox 2051 576 2148 631; x_wconf 82' lang='lat' dir='ltr'><strong>m:</strong></span> <span class='ocrx_word' id='word_1_5' title='bbox 2189 574 2456 633; x_wconf 69' lang='lat' dir='ltr'><strong>suem.</strong></span> 
     </span>
    </p>
   </div>
   <div class='ocr_carea' id='block_1_2' title="bbox 782 708 2898 4036">
    <p class='ocr_par' dir='ltr' id='par_1_2' title="bbox 782 708 2894 2886">
     <span class='ocr_line' id='line_1_2' title="bbox 784 708 2880 799; baseline -0.001 -16"><span class='ocrx_word' id='word_1_6' title='bbox 784 708 1073 783; x_wconf 89' lang='lat' dir='ltr'><strong>brachia</strong></span> <span class='ocrx_word' id='word_1_7' title='bbox 1134 709 1641 798; x_wconf 84' lang='lat' dir='ltr'><strong>extenduntur,</strong></span> <span class='ocrx_word' id='word_1_8' title='bbox 1708 722 1817 780; x_wconf 84' lang='lat' dir='ltr'><strong>tot</strong></span> <span class='ocrx_word' id='word_1_9' title='bbox 1848 724 1921 781; x_wconf 93' lang='lat' dir='ltr'><strong>et</strong></span> <span class='ocrx_word' id='word_1_10' title='bbox 1950 722 2162 781; x_wconf 82' lang='lat' dir='ltr'><strong>tantae</strong></span> <span class='ocrx_word' id='word_1_11' title='bbox 2191 732 2444 780; x_wconf 87' lang='lat' dir='ltr'><strong>manus</strong></span> <span class='ocrx_word' id='word_1_12' title='bbox 2476 711 2880 799; x_wconf 88' lang='lat' dir='ltr'><strong>mittuntur,</strong></span> 
     </span>
     <span class='ocr_line' id='line_1_3' title="bbox 783 825 2886 925; baseline -0 -27"><span class='ocrx_word' id='word_1_13' title='bbox 783 825 984 925; x_wconf 91' lang='lat' dir='ltr'><strong>quod</strong></span> <span class='ocrx_word' id='word_1_14' title='bbox 1032 849 1163 897; x_wconf 86' lang='lat' dir='ltr'><strong>nec</strong></span> <span class='ocrx_word' id='word_1_15' title='bbox 1209 826 1426 897; x_wconf 87' lang='lat' dir='ltr'><strong>etiam</strong></span> <span class='ocrx_word' id='word_1_16' title='bbox 1472 826 1809 925; x_wconf 74' lang='lat' dir='ltr'><strong>septima·</strong></span> <span class='ocrx_word' id='word_1_17' title='bbox 1841 849 2101 897; x_wconf 88' lang='lat' dir='ltr'><strong>manus</strong></span> <span class='ocrx_word' id='word_1_18' title='bbox 2141 826 2294 925; x_wconf 86' lang='lat' dir='ltr'><strong>ipsa</strong></span> <span class='ocrx_word' id='word_1_19' title='bbox 2346 840 2589 897; x_wconf 88' lang='lat' dir='ltr'><strong>sancta</strong></span> <span class='ocrx_word' id='word_1_20' title='bbox 2635 828 2886 897; x_wconf 88' lang='lat' dir='ltr'><strong>scrinia</strong></span> 
     </span>
     <span class='ocr_line' id='line_1_4' title="bbox 784 938 2893 1041; baseline 0 -28"><span class='ocrx_word' id='word_1_21' title='bbox 784 942 1129 1037; x_wconf 88' lang='lat' dir='ltr'><strong>attingere</strong></span> <span class='ocrx_word' id='word_1_22' title='bbox 1154 938 1445 1013; x_wconf 81' lang='lat' dir='ltr'><strong>valeret.</strong></span> <span class='ocrx_word' id='word_1_23' title='bbox 1482 944 1874 1040; x_wconf 86' lang='lat' dir='ltr'><strong>Eapropter</strong></span> <span class='ocrx_word' id='word_1_24' title='bbox 1914 942 2062 1041; x_wconf 88' lang='lat' dir='ltr'><strong>ipse</strong></span> <span class='ocrx_word' id='word_1_25' title='bbox 2092 940 2429 1013; x_wconf 90' lang='lat' dir='ltr'><strong>dominus</strong></span> <span class='ocrx_word' id='word_1_26' title='bbox 2477 966 2601 1012; x_wconf 86' lang='lat' dir='ltr'><strong>rex</strong></span> <span class='ocrx_word' id='word_1_27' title='bbox 2647 966 2720 1013; x_wconf 89' lang='lat' dir='ltr'><strong>se</strong></span> <span class='ocrx_word' id='word_1_28' title='bbox 2747 966 2893 1013; x_wconf 89' lang='lat' dir='ltr'><strong>me-</strong></span> 
     </span>
     <span class='ocr_line' id='line_1_5' title="bbox 783 1054 2888 1155; baseline 0 -28"><span class='ocrx_word' id='word_1_29' title='bbox 783 1054 983 1127; x_wconf 90' lang='lat' dir='ltr'><strong>dium</strong></span> <span class='ocrx_word' id='word_1_30' title='bbox 1002 1056 1103 1129; x_wconf 85' lang='lat' dir='ltr'><strong>eis</strong></span> <span class='ocrx_word' id='word_1_31' title='bbox 1120 1056 1471 1153; x_wconf 75' lang='lat' dir='ltr'><strong>ingerenS,</strong></span> <span class='ocrx_word' id='word_1_32' title='bbox 1496 1055 1820 1128; x_wconf 78' lang='lat' dir='ltr'>lecticam</span> <span class='ocrx_word' id='word_1_33' title='bbox 1848 1072 2254 1155; x_wconf 84' lang='lat' dir='ltr'><strong>argenteam</strong></span> <span class='ocrx_word' id='word_1_34' title='bbox 2273 1056 2593 1154; x_wconf 86' lang='lat' dir='ltr'><strong>specialis</strong></span> <span class='ocrx_word' id='word_1_35' title='bbox 2611 1058 2888 1154; x_wconf 89' lang='lat' dir='ltr'><strong>patroni</strong></span> 
     </span>
     <span class='ocr_line' id='line_1_6' title="bbox 783 1170 2886 1271; baseline 0 -28"><span class='ocrx_word' id='word_1_36' title='bbox 783 1170 875 1245; x_wconf 90' lang='lat' dir='ltr'><strong>de</strong></span> <span class='ocrx_word' id='word_1_37' title='bbox 916 1196 1135 1243; x_wconf 88' lang='lat' dir='ltr'><strong>manu</strong></span> <span class='ocrx_word' id='word_1_38' title='bbox 1182 1172 1722 1271; x_wconf 89' lang='lat' dir='ltr'><strong>episcoporum,</strong></span> <span class='ocrx_word' id='word_1_39' title='bbox 1777 1172 1959 1243; x_wconf 90' lang='lat' dir='ltr'><strong>sicut</strong></span> <span class='ocrx_word' id='word_1_40' title='bbox 2004 1173 2312 1261; x_wconf 86' lang='lat' dir='ltr'><strong>videtur,</strong></span> <span class='ocrx_word' id='word_1_41' title='bbox 2367 1172 2461 1243; x_wconf 92' lang='lat' dir='ltr'><strong>de</strong></span> <span class='ocrx_word' id='word_1_42' title='bbox 2503 1197 2724 1243; x_wconf 91' lang='lat' dir='ltr'><strong>manu</strong></span> <span class='ocrx_word' id='word_1_43' title='bbox 2761 1176 2886 1244; x_wconf 84' lang='lat' dir='ltr'><strong>Re-</strong></span> 
     </span>
     <span class='ocr_line' id='line_1_7' title="bbox 782 1288 2886 1387; baseline 0 -28"><span class='ocrx_word' id='word_1_44' title='bbox 782 1290 1044 1361; x_wconf 88' lang='lat' dir='ltr'><strong>mensis</strong></span> <span class='ocrx_word' id='word_1_45' title='bbox 1113 1288 1625 1387; x_wconf 88' lang='lat' dir='ltr'><strong>archiepiscopi</strong></span> <span class='ocrx_word' id='word_1_46' title='bbox 1651 1342 1671 1377; x_wconf 90' lang='lat'>‚</span> <span class='ocrx_word' id='word_1_47' title='bbox 1753 1288 2224 1376; x_wconf 79' lang='lat' dir='ltr'><strong>SenonensiS,</strong></span> <span class='ocrx_word' id='word_1_48' title='bbox 2301 1289 2753 1360; x_wconf 80' lang='lat' dir='ltr'><strong>carnotensis</strong></span> <span class='ocrx_word' id='word_1_49' title='bbox 2817 1304 2886 1359; x_wconf 88' lang='lat' dir='ltr'><strong>et</strong></span> 
     </span>
     <span class='ocr_line' id='line_1_8' title="bbox 782 1402 2890 1502; baseline 0 -28"><span class='ocrx_word' id='word_1_50' title='bbox 782 1403 1090 1477; x_wconf 87' lang='lat' dir='ltr'><strong>aliorum</strong></span> <span class='ocrx_word' id='word_1_51' title='bbox 1120 1427 1509 1495; x_wconf 76' lang='lat' dir='ltr'><strong>assumenS,</strong></span> <span class='ocrx_word' id='word_1_52' title='bbox 1548 1418 1700 1475; x_wconf 86' lang='lat' dir='ltr'><strong>tam</strong></span> <span class='ocrx_word' id='word_1_53' title='bbox 1731 1402 1988 1475; x_wconf 89' lang='lat' dir='ltr'><strong>devote</strong></span> <span class='ocrx_word' id='word_1_54' title='bbox 2021 1427 2240 1499; x_wconf 89' lang='lat' dir='ltr'><strong>quam</strong></span> <span class='ocrx_word' id='word_1_55' title='bbox 2265 1402 2563 1475; x_wconf 85' lang='lat' dir='ltr'><strong>honeste</strong></span> <span class='ocrx_word' id='word_1_56' title='bbox 2594 1405 2890 1502; x_wconf 71' lang='lat' dir='ltr'><strong>praevius</strong></span> 
     </span>
     <span class='ocr_line' id='line_1_9' title="bbox 783 1516 2886 1617; baseline 0 -27"><span class='ocrx_word' id='word_1_57' title='bbox 783 1518 1296 1615; x_wconf 81' lang='lat' dir='ltr'><strong>egrediebatur.</strong></span> <span class='ocrx_word' id='word_1_58' title='bbox 1344 1516 1662 1590; x_wconf 83' lang='lat' dir='ltr'><strong>Mirabile</strong></span> <span class='ocrx_word' id='word_1_59' title='bbox 1681 1516 1890 1590; x_wconf 75' lang='lat' dir='ltr'><strong>,visui</strong></span> <span class='ocrx_word' id='word_1_60' title='bbox 1930 1522 2312 1615; x_wconf 88' lang='lat' dir='ltr'><strong>Nunquam</strong></span> <span class='ocrx_word' id='word_1_61' title='bbox 2357 1519 2599 1611; x_wconf 88' lang='lat' dir='ltr'><strong>talem,</strong></span> <span class='ocrx_word' id='word_1_62' title='bbox 2637 1534 2886 1617; x_wconf 82' lang='lat' dir='ltr'><strong>praeter</strong></span> 
     </span>
     <span class='ocr_line' id='line_1_10' title="bbox 784 1633 2894 1731; baseline 0 -27"><span class='ocrx_word' id='word_1_63' title='bbox 784 1633 977 1707; x_wconf 83' lang='lat' dir='ltr'><strong>illam</strong></span> <span class='ocrx_word' id='word_1_64' title='bbox 1013 1658 1169 1731; x_wconf 87' lang='lat' dir='ltr'><strong>quae</strong></span> <span class='ocrx_word' id='word_1_65' title='bbox 1204 1634 1277 1703; x_wconf 89' lang='lat' dir='ltr'><strong>in</strong></span> <span class='ocrx_word' id='word_1_66' title='bbox 1306 1633 1596 1729; x_wconf 87' lang='lat' dir='ltr'><strong>antiqua</strong></span> <span class='ocrx_word' id='word_1_67' title='bbox 1638 1635 2170 1706; x_wconf 80' lang='lat' dir='ltr'><strong>consecratione</strong></span> <span class='ocrx_word' id='word_1_68' title='bbox 2212 1633 2518 1705; x_wconf 88' lang='lat' dir='ltr'><strong>coelestis</strong></span> <span class='ocrx_word' id='word_1_69' title='bbox 2550 1636 2894 1706; x_wconf 79' lang='lat' dir='ltr'><strong>exercitus</strong></span> 
     </span>
     <span class='ocr_line' id='line_1_11' title="bbox 782 1747 2894 1847; baseline 0.001 -28"><span class='ocrx_word' id='word_1_70' title='bbox 782 1748 929 1821; x_wconf 83' lang='lat' dir='ltr'><strong>visa</strong></span> <span class='ocrx_word' id='word_1_71' title='bbox 960 1763 1089 1837; x_wconf 87' lang='lat' dir='ltr'><strong>est,</strong></span> <span class='ocrx_word' id='word_1_72' title='bbox 1128 1747 1658 1846; x_wconf 88' lang='lat' dir='ltr'><strong>processionem</strong></span> <span class='ocrx_word' id='word_1_73' title='bbox 1683 1748 1940 1845; x_wconf 66' lang='lat' dir='ltr'><strong>aliquis</strong></span> <span class='ocrx_word' id='word_1_74' title='bbox 1975 1748 2215 1821; x_wconf 86' lang='lat' dir='ltr'><strong>videre</strong></span> <span class='ocrx_word' id='word_1_75' title='bbox 2251 1750 2506 1847; x_wconf 84' lang='lat' dir='ltr'><strong>potuit,</strong></span> <span class='ocrx_word' id='word_1_76' title='bbox 2543 1774 2713 1822; x_wconf 89' lang='lat' dir='ltr'><strong>cum</strong></span> <span class='ocrx_word' id='word_1_77' title='bbox 2747 1774 2894 1821; x_wconf 90' lang='lat' dir='ltr'><strong>san-</strong></span> 
     </span>
     <span class='ocr_line' id='line_1_12' title="bbox 782 1866 2892 1962; baseline 0.001 -26"><span class='ocrx_word' id='word_1_78' title='bbox 782 1878 1067 1936; x_wconf 87' lang='lat' dir='ltr'><strong>ctorum</strong></span> <span class='ocrx_word' id='word_1_79' title='bbox 1115 1888 1417 1961; x_wconf 87' lang='lat' dir='ltr'><strong>corpora</strong></span> <span class='ocrx_word' id='word_1_80' title='bbox 1458 1866 1852 1962; x_wconf 85' lang='lat' dir='ltr'><strong>Martyrum</strong></span> <span class='ocrx_word' id='word_1_81' title='bbox 1884 1881 1956 1938; x_wconf 89' lang='lat' dir='ltr'><strong>et</strong></span> <span class='ocrx_word' id='word_1_82' title='bbox 1989 1866 2490 1938; x_wconf 80' lang='lat' dir='ltr'><strong>Confessorum</strong></span> <span class='ocrx_word' id='word_1_83' title='bbox 2525 1866 2617 1938; x_wconf 92' lang='lat' dir='ltr'><strong>de</strong></span> <span class='ocrx_word' id='word_1_84' title='bbox 2666 1880 2892 1939; x_wconf 87' lang='lat' dir='ltr'><strong>tento-</strong></span> 
     </span>
     <span class='ocr_line' id='line_1_13' title="bbox 783 1976 2894 2080; baseline 0.001 -30"><span class='ocrx_word' id='word_1_85' title='bbox 783 1979 903 2051; x_wconf 86' lang='lat' dir='ltr'><strong>riis</strong></span> <span class='ocrx_word' id='word_1_86' title='bbox 945 1976 1272 2077; x_wconf 85' lang='lat' dir='ltr'><strong>palliatis,</strong></span> <span class='ocrx_word' id='word_1_87' title='bbox 1305 1979 1627 2051; x_wconf 88' lang='lat' dir='ltr'><strong>humeris</strong></span> <span class='ocrx_word' id='word_1_88' title='bbox 1673 1996 1747 2053; x_wconf 91' lang='lat' dir='ltr'><strong>et</strong></span> <span class='ocrx_word' id='word_1_89' title='bbox 1796 1980 1996 2053; x_wconf 90' lang='lat' dir='ltr'><strong>collis</strong></span> <span class='ocrx_word' id='word_1_90' title='bbox 2027 1982 2532 2080; x_wconf 82' lang='lat' dir='ltr'><strong>episcoporum</strong></span> <span class='ocrx_word' id='word_1_91' title='bbox 2578 1996 2650 2054; x_wconf 86' lang='lat' dir='ltr'><strong>et</strong></span> <span class='ocrx_word' id='word_1_92' title='bbox 2677 1984 2894 2054; x_wconf 88' lang='lat' dir='ltr'><strong>comi·</strong></span> 
     </span>
     <span class='ocr_line' id='line_1_14' title="bbox 786 2091 2894 2195; baseline 0.001 -30"><span class='ocrx_word' id='word_1_93' title='bbox 786 2108 939 2165; x_wconf 89' lang='lat' dir='ltr'><strong>tum</strong></span> <span class='ocrx_word' id='word_1_94' title='bbox 987 2108 1059 2165; x_wconf 89' lang='lat' dir='ltr'><strong>et</strong></span> <span class='ocrx_word' id='word_1_95' title='bbox 1095 2091 1477 2185; x_wconf 88' lang='lat' dir='ltr'><strong>baronum,</strong></span> <span class='ocrx_word' id='word_1_96' title='bbox 1516 2096 1958 2173; x_wconf 84' lang='lat' dir='ltr'><strong>sanctissimo</strong></span> <span class='ocrx_word' id='word_1_97' title='bbox 1995 2097 2333 2191; x_wconf 81' lang='lat' dir='ltr'><strong>Dionysio</strong></span> <span class='ocrx_word' id='word_1_98' title='bbox 2365 2098 2720 2195; x_wconf 88' lang='lat' dir='ltr'><strong>sociisque</strong></span> <span class='ocrx_word' id='word_1_99' title='bbox 2748 2096 2894 2193; x_wconf 88' lang='lat' dir='ltr'><strong>ejus</strong></span> 
     </span>
     <span class='ocr_line' id='line_1_15' title="bbox 785 2207 2893 2309; baseline 0 -28"><span class='ocrx_word' id='word_1_100' title='bbox 785 2207 879 2281; x_wconf 90' lang='lat' dir='ltr'><strong>ad</strong></span> <span class='ocrx_word' id='word_1_101' title='bbox 950 2207 1349 2283; x_wconf 90' lang='lat' dir='ltr'><strong>eburneum</strong></span> <span class='ocrx_word' id='word_1_102' title='bbox 1408 2211 1673 2282; x_wconf 88' lang='lat' dir='ltr'><strong>ostium</strong></span> <span class='ocrx_word' id='word_1_103' title='bbox 1727 2227 2196 2284; x_wconf 86' lang='lat' dir='ltr'><strong>occurrerunt</strong></span> <span class='ocrx_word' id='word_1_104' title='bbox 2229 2240 2250 2301; x_wconf 70' lang='grc' dir='ltr'>ς</span> <span class='ocrx_word' id='word_1_105' title='bbox 2317 2237 2445 2309; x_wconf 89' lang='lat' dir='ltr'><strong>per</strong></span> <span class='ocrx_word' id='word_1_106' title='bbox 2505 2212 2893 2283; x_wconf 87' lang='lat' dir='ltr'><strong>claustrum</strong></span> 
     </span>
     <span class='ocr_line' id='line_1_16' title="bbox 786 2323 2891 2399; baseline 0.001 -4"><span class='ocrx_word' id='word_1_107' title='bbox 786 2348 948 2397; x_wconf 88' lang='lat' dir='ltr'><strong>cum</strong></span> <span class='ocrx_word' id='word_1_108' title='bbox 983 2323 1431 2397; x_wconf 86' lang='lat' dir='ltr'><strong>candelabris</strong></span> <span class='ocrx_word' id='word_1_109' title='bbox 1470 2340 1540 2398; x_wconf 84' lang='lat' dir='ltr'><strong>et</strong></span> <span class='ocrx_word' id='word_1_110' title='bbox 1570 2325 1905 2398; x_wconf 87' lang='lat' dir='ltr'><strong>crucibus</strong></span> <span class='ocrx_word' id='word_1_111' title='bbox 1934 2341 2005 2397; x_wconf 91' lang='lat' dir='ltr'><strong>et</strong></span> <span class='ocrx_word' id='word_1_112' title='bbox 2035 2326 2187 2398; x_wconf 88' lang='lat' dir='ltr'><strong>aliis</strong></span> <span class='ocrx_word' id='word_1_113' title='bbox 2215 2326 2482 2399; x_wconf 79' lang='lat' dir='ltr'><strong>festivis</strong></span> <span class='ocrx_word' id='word_1_114' title='bbox 2514 2352 2891 2399; x_wconf 88' lang='lat' dir='ltr'><strong>ornamen-</strong></span> 
     </span>
     <span class='ocr_line' id='line_1_17' title="bbox 784 2440 2892 2539; baseline 0.001 -30"><span class='ocrx_word' id='word_1_115' title='bbox 784 2441 898 2529; x_wconf 84' lang='lat' dir='ltr'><strong>tis,</strong></span> <span class='ocrx_word' id='word_1_116' title='bbox 942 2466 1111 2513; x_wconf 91' lang='lat' dir='ltr'><strong>cum</strong></span> <span class='ocrx_word' id='word_1_117' title='bbox 1141 2440 1301 2513; x_wconf 90' lang='lat' dir='ltr'><strong>odis</strong></span> <span class='ocrx_word' id='word_1_118' title='bbox 1341 2455 1413 2513; x_wconf 91' lang='lat' dir='ltr'><strong>et</strong></span> <span class='ocrx_word' id='word_1_119' title='bbox 1443 2440 1780 2513; x_wconf 89' lang='lat' dir='ltr'><strong>laudibus</strong></span> <span class='ocrx_word' id='word_1_120' title='bbox 1813 2440 2058 2513; x_wconf 89' lang='lat' dir='ltr'><strong>multis</strong></span> <span class='ocrx_word' id='word_1_121' title='bbox 2084 2455 2587 2539; x_wconf 83' lang='lat' dir='ltr'><strong>processerunt</strong></span> <span class='ocrx_word' id='word_1_122' title='bbox 2618 2470 2638 2532; x_wconf 83' lang='lat'>3</span> <span class='ocrx_word' id='word_1_123' title='bbox 2672 2441 2892 2515; x_wconf 87' lang='lat' dir='ltr'><strong>domi-</strong></span> 
     </span>
     <span class='ocr_line' id='line_1_18' title="bbox 787 2557 2890 2659; baseline 0.001 -32"><span class='ocrx_word' id='word_1_124' title='bbox 787 2580 921 2629; x_wconf 86' lang='lat' dir='ltr'><strong>nos</strong></span> <span class='ocrx_word' id='word_1_125' title='bbox 954 2580 1117 2629; x_wconf 88' lang='lat' dir='ltr'><strong>suos</strong></span> <span class='ocrx_word' id='word_1_126' title='bbox 1140 2572 1287 2629; x_wconf 88' lang='lat' dir='ltr'><strong>tam</strong></span> <span class='ocrx_word' id='word_1_127' title='bbox 1312 2557 1758 2630; x_wconf 83' lang='lat' dir='ltr'><strong>familiariter</strong></span> <span class='ocrx_word' id='word_1_128' title='bbox 1781 2581 1999 2655; x_wconf 90' lang='lat' dir='ltr'><strong>quam</strong></span> <span class='ocrx_word' id='word_1_129' title='bbox 2020 2583 2162 2656; x_wconf 83' lang='lat' dir='ltr'><strong>prae</strong></span> <span class='ocrx_word' id='word_1_130' title='bbox 2185 2558 2444 2653; x_wconf 89' lang='lat' dir='ltr'><strong>gaudio</strong></span> <span class='ocrx_word' id='word_1_131' title='bbox 2473 2558 2890 2659; x_wconf 82' lang='lat' dir='ltr'><strong>lacrymabi-</strong></span> 
     </span>
     <span class='ocr_line' id='line_1_19' title="bbox 786 2671 2888 2771; baseline 0.001 -28"><span class='ocrx_word' id='word_1_132' title='bbox 786 2671 945 2745; x_wconf 86' lang='lat' dir='ltr'><strong>liter</strong></span> <span class='ocrx_word' id='word_1_133' title='bbox 968 2673 1545 2771; x_wconf 84' lang='lat' dir='ltr'><strong>deportaverunt.</strong></span> <span class='ocrx_word' id='word_1_134' title='bbox 1573 2672 1790 2744; x_wconf 92' lang='lat' dir='ltr'><strong>Nullo</strong></span> <span class='ocrx_word' id='word_1_135' title='bbox 1821 2697 2136 2771; x_wconf 87' lang='lat' dir='ltr'><strong>unquam</strong></span> <span class='ocrx_word' id='word_1_136' title='bbox 2169 2674 2422 2771; x_wconf 86' lang='lat' dir='ltr'><strong>majori</strong></span> <span class='ocrx_word' id='word_1_137' title='bbox 2455 2673 2528 2745; x_wconf 92' lang='lat' dir='ltr'><strong>in</strong></span> <span class='ocrx_word' id='word_1_138' title='bbox 2559 2674 2888 2747; x_wconf 89' lang='lat' dir='ltr'><strong>omuibus</strong></span> 
     </span>
     <span class='ocr_line' id='line_1_20' title="bbox 784 2787 1895 2886; baseline 0.002 -27"><span class='ocrx_word' id='word_1_139' title='bbox 784 2804 1173 2886; x_wconf 88' lang='lat' dir='ltr'><strong>potuerunt</strong></span> <span class='ocrx_word' id='word_1_140' title='bbox 1203 2789 1462 2885; x_wconf 89' lang='lat' dir='ltr'><strong>gaudio</strong></span> <span class='ocrx_word' id='word_1_141' title='bbox 1498 2787 1895 2861; x_wconf 86' lang='lat' dir='ltr'><strong>sublimari.</strong></span> 
     </span>
    </p>

    <p class='ocr_par' dir='ltr' id='par_1_3' title="bbox 783 2902 2898 4036">
     <span class='ocr_line' id='line_1_21' title="bbox 888 2902 2892 3004; baseline -0 -29"><span class='ocrx_word' id='word_1_142' title='bbox 888 2906 1333 2977; x_wconf 85' lang='lat' dir='ltr'><strong>Revertentes</strong></span> <span class='ocrx_word' id='word_1_143' title='bbox 1388 2905 1600 3000; x_wconf 89' lang='lat' dir='ltr'><strong>igitur</strong></span> <span class='ocrx_word' id='word_1_144' title='bbox 1647 2902 1739 2975; x_wconf 87' lang='lat' dir='ltr'><strong>ad</strong></span> <span class='ocrx_word' id='word_1_145' title='bbox 1771 2904 2168 2995; x_wconf 88' lang='lat' dir='ltr'><strong>ecclesiam,</strong></span> <span class='ocrx_word' id='word_1_146' title='bbox 2219 2920 2292 2977; x_wconf 87' lang='lat' dir='ltr'><strong>et</strong></span> <span class='ocrx_word' id='word_1_147' title='bbox 2341 2930 2472 3004; x_wconf 91' lang='lat' dir='ltr'><strong>per</strong></span> <span class='ocrx_word' id='word_1_148' title='bbox 2503 2903 2762 3000; x_wconf 82' lang='lat' dir='ltr'><strong>gradus</strong></span> <span class='ocrx_word' id='word_1_149' title='bbox 2807 2904 2892 2975; x_wconf 91' lang='lat' dir='ltr'><strong>ad</strong></span> 
     </span>
     <span class='ocr_line' id='line_1_22' title="bbox 783 3016 2891 3116; baseline 0.001 -28"><span class='ocrx_word' id='word_1_150' title='bbox 783 3016 997 3090; x_wconf 89' lang='lat' dir='ltr'><strong>altare</strong></span> <span class='ocrx_word' id='word_1_151' title='bbox 1057 3018 1377 3116; x_wconf 90' lang='lat' dir='ltr'><strong>superius</strong></span> <span class='ocrx_word' id='word_1_152' title='bbox 1416 3019 1640 3116; x_wconf 88' lang='lat' dir='ltr'><strong>quieti</strong></span> <span class='ocrx_word' id='word_1_153' title='bbox 1693 3023 2119 3091; x_wconf 85' lang='lat' dir='ltr'><strong>Sanctorum</strong></span> <span class='ocrx_word' id='word_1_154' title='bbox 2163 3018 2600 3091; x_wconf 88' lang='lat' dir='ltr'><strong>destinatum</strong></span> <span class='ocrx_word' id='word_1_155' title='bbox 2657 3043 2891 3091; x_wconf 90' lang='lat' dir='ltr'><strong>ascen·</strong></span> 
     </span>
     <span class='ocr_line' id='line_1_23' title="bbox 788 3132 2892 3233; baseline -0.001 -28"><span class='ocrx_word' id='word_1_156' title='bbox 788 3132 1063 3221; x_wconf 80' lang='lat' dir='ltr'><strong>denteS‚</strong></span> <span class='ocrx_word' id='word_1_157' title='bbox 1117 3157 1328 3231; x_wconf 91' lang='lat' dir='ltr'><strong>super</strong></span> <span class='ocrx_word' id='word_1_158' title='bbox 1369 3134 1753 3230; x_wconf 89' lang='lat' dir='ltr'><strong>antiquum</strong></span> <span class='ocrx_word' id='word_1_159' title='bbox 1785 3133 2003 3205; x_wconf 88' lang='lat' dir='ltr'><strong>altare</strong></span> <span class='ocrx_word' id='word_1_160' title='bbox 2031 3134 2446 3233; x_wconf 87' lang='lat' dir='ltr'><strong>pignoribus</strong></span> <span class='ocrx_word' id='word_1_161' title='bbox 2472 3137 2892 3206; x_wconf 86' lang='lat' dir='ltr'><strong>Sanctorum</strong></span> 
     </span>
     <span class='ocr_line' id='line_1_24' title="bbox 786 3246 2894 3347; baseline 0.001 -30"><span class='ocrx_word' id='word_1_162' title='bbox 786 3248 1138 3344; x_wconf 73' lang='lat' dir='ltr'><strong>repositis»,</strong></span> <span class='ocrx_word' id='word_1_163' title='bbox 1202 3246 1293 3318; x_wconf 91' lang='lat' dir='ltr'><strong>de</strong></span> <span class='ocrx_word' id='word_1_164' title='bbox 1351 3273 1536 3319; x_wconf 81' lang='lat' dir='ltr'><strong>nova</strong></span> <span class='ocrx_word' id='word_1_165' title='bbox 1592 3262 1758 3320; x_wconf 89' lang='lat' dir='ltr'><strong>ante</strong></span> <span class='ocrx_word' id='word_1_166' title='bbox 1817 3272 2082 3323; x_wconf 88' lang='lat' dir='ltr'><strong>novam</strong></span> <span class='ocrx_word' id='word_1_167' title='bbox 2137 3274 2388 3320; x_wconf 88' lang='lat' dir='ltr'><strong>eorum</strong></span> <span class='ocrx_word' id='word_1_168' title='bbox 2457 3248 2894 3347; x_wconf 85' lang='lat' dir='ltr'><strong>sepulturam</strong></span> 
     </span>
     <span class='ocr_line' id='line_1_25' title="bbox 786 3360 2894 3461; baseline 0.001 -30"><span class='ocrx_word' id='word_1_169' title='bbox 786 3360 1260 3433; x_wconf 86' lang='lat' dir='ltr'><strong>consecranda</strong></span> <span class='ocrx_word' id='word_1_170' title='bbox 1318 3360 1660 3457; x_wconf 87' lang='lat' dir='ltr'><strong>agebatur</strong></span> <span class='ocrx_word' id='word_1_171' title='bbox 1712 3362 2089 3461; x_wconf 88' lang='lat' dir='ltr'><strong>principali</strong></span> <span class='ocrx_word' id='word_1_172' title='bbox 2161 3386 2308 3453; x_wconf 88' lang='lat' dir='ltr'><strong>ara,</strong></span> <span class='ocrx_word' id='word_1_173' title='bbox 2343 3387 2562 3459; x_wconf 85' lang='lat' dir='ltr'><strong>quam</strong></span> <span class='ocrx_word' id='word_1_174' title='bbox 2601 3362 2894 3435; x_wconf 89' lang='lat' dir='ltr'><strong>domino</strong></span> 
     </span>
     <span class='ocr_line' id='line_1_26' title="bbox 786 3477 2892 3576; baseline 0.001 -29"><span class='ocrx_word' id='word_1_175' title='bbox 786 3477 1107 3548; x_wconf 89' lang='lat' dir='ltr'><strong>Remensi</strong></span> <span class='ocrx_word' id='word_1_176' title='bbox 1160 3478 1696 3576; x_wconf 84' lang='lat' dir='ltr'><strong>archiepiscopo</strong></span> <span class='ocrx_word' id='word_1_177' title='bbox 1747 3480 2071 3549; x_wconf 89' lang='lat' dir='ltr'><strong>Samsoni</strong></span> <span class='ocrx_word' id='word_1_178' title='bbox 2131 3478 2600 3575; x_wconf 84' lang='lat' dir='ltr'><strong>imposuimus</strong></span> <span class='ocrx_word' id='word_1_179' title='bbox 2657 3502 2892 3550; x_wconf 85' lang='lat' dir='ltr'><strong>conse·</strong></span> 
     </span>
     <span class='ocr_line' id='line_1_27' title="bbox 786 3592 2896 3690; baseline 0.001 -29"><span class='ocrx_word' id='word_1_180' title='bbox 786 3592 1151 3669; x_wconf 82' lang='lat' dir='ltr'><strong>orandam.</strong></span> <span class='ocrx_word' id='word_1_181' title='bbox 1192 3592 1547 3689; x_wconf 80' lang='lat' dir='ltr'><strong>Agebatur</strong></span> <span class='ocrx_word' id='word_1_182' title='bbox 1579 3594 1797 3665; x_wconf 87' lang='lat' dir='ltr'><strong>etiam</strong></span> <span class='ocrx_word' id='word_1_183' title='bbox 1827 3592 1918 3665; x_wconf 93' lang='lat' dir='ltr'><strong>de</strong></span> <span class='ocrx_word' id='word_1_184' title='bbox 1947 3593 2102 3665; x_wconf 89' lang='lat' dir='ltr'><strong>aliis</strong></span> <span class='ocrx_word' id='word_1_185' title='bbox 2143 3608 2290 3665; x_wconf 87' lang='lat' dir='ltr'><strong>tam</strong></span> <span class='ocrx_word' id='word_1_186' title='bbox 2335 3593 2640 3689; x_wconf 87' lang='lat' dir='ltr'><strong>gloriose</strong></span> <span class='ocrx_word' id='word_1_187' title='bbox 2685 3618 2896 3690; x_wconf 88' lang='lat' dir='ltr'><strong>quam</strong></span> 
     </span>
     <span class='ocr_line' id='line_1_28' title="bbox 788 3706 2896 3806; baseline -0 -27"><span class='ocrx_word' id='word_1_188' title='bbox 788 3706 1199 3780; x_wconf 87' lang='lat' dir='ltr'><strong>solemniter</strong></span> <span class='ocrx_word' id='word_1_189' title='bbox 1260 3711 1395 3781; x_wconf 87' lang='lat' dir='ltr'><strong>aris</strong></span> <span class='ocrx_word' id='word_1_190' title='bbox 1425 3710 1672 3804; x_wconf 80' lang='lat' dir='ltr'><strong>viginti</strong></span> <span class='ocrx_word' id='word_1_191' title='bbox 1735 3708 2234 3783; x_wconf 89' lang='lat' dir='ltr'><strong>consecrandis</strong></span> <span class='ocrx_word' id='word_1_192' title='bbox 2283 3734 2644 3806; x_wconf 86' lang='lat' dir='ltr'><strong>:quarum</strong></span> <span class='ocrx_word' id='word_1_193' title='bbox 2710 3708 2896 3781; x_wconf 89' lang='lat' dir='ltr'><strong>illam</strong></span> 
     </span>
     <span class='ocr_line' id='line_1_29' title="bbox 790 3824 2896 3921; baseline -0 -27"><span class='ocrx_word' id='word_1_194' title='bbox 790 3847 947 3921; x_wconf 88' lang='lat' dir='ltr'><strong>quae</strong></span> <span class='ocrx_word' id='word_1_195' title='bbox 990 3825 1065 3895; x_wconf 91' lang='lat' dir='ltr'><strong>in</strong></span> <span class='ocrx_word' id='word_1_196' title='bbox 1114 3824 1355 3897; x_wconf 87' lang='lat' dir='ltr'><strong>medio</strong></span> <span class='ocrx_word' id='word_1_197' title='bbox 1412 3825 1756 3898; x_wconf 84' lang='lat' dir='ltr'><strong>Salvatori</strong></span> <span class='ocrx_word' id='word_1_198' title='bbox 1801 3839 2049 3897; x_wconf 87' lang='lat' dir='ltr'><strong>nostro</strong></span> <span class='ocrx_word' id='word_1_199' title='bbox 2085 3840 2156 3897; x_wconf 91' lang='lat' dir='ltr'><strong>et</strong></span> <span class='ocrx_word' id='word_1_200' title='bbox 2201 3841 2618 3897; x_wconf 87' lang='lat' dir='ltr'><strong>sanctorum</strong></span> <span class='ocrx_word' id='word_1_201' title='bbox 2677 3825 2896 3896; x_wconf 85' lang='lat' dir='ltr'><strong>choro</strong></span> 
     </span>
     <span class='ocr_line' id='line_1_30' title="bbox 789 3936 2898 4036; baseline 0 -27"><span class='ocrx_word' id='word_1_202' title='bbox 789 3936 1221 4034; x_wconf 87' lang='lat' dir='ltr'><strong>Angelorum</strong></span> <span class='ocrx_word' id='word_1_203' title='bbox 1253 3955 1326 4012; x_wconf 91' lang='lat' dir='ltr'><strong>et</strong></span> <span class='ocrx_word' id='word_1_204' title='bbox 1347 3956 1599 4012; x_wconf 85' lang='lat' dir='ltr'><strong>sanctae</strong></span> <span class='ocrx_word' id='word_1_205' title='bbox 1648 3941 1858 4013; x_wconf 88' lang='lat' dir='ltr'><strong>Cruci</strong></span> <span class='ocrx_word' id='word_1_206' title='bbox 1887 3942 2281 4036; x_wconf 86' lang='lat' dir='ltr'><strong>assignatur</strong></span> <span class='ocrx_word' id='word_1_207' title='bbox 2307 3944 2352 4031; x_wconf 80' lang='lat'><strong>²,</strong></span> <span class='ocrx_word' id='word_1_208' title='bbox 2399 3940 2700 4013; x_wconf 91' lang='lat' dir='ltr'><strong>domino</strong></span> <span class='ocrx_word' id='word_1_209' title='bbox 2731 3942 2898 4011; x_wconf 87' lang='lat' dir='ltr'><strong>Can-</strong></span> 
     </span>
    </p>
   </div>
   <div class='ocr_carea' id='block_1_3' title="bbox 796 4184 2894 4362">
    <p class='ocr_par' dir='ltr' id='par_1_4' title="bbox 796 4184 2894 4362">
     <span class='ocr_line' id='line_1_31' title="bbox 876 4184 2894 4269; baseline 0.001 -23"><span class='ocrx_word' id='word_1_210' title='bbox 876 4190 935 4245; x_wconf 84' lang='lat'><strong>1.</strong></span> <span class='ocrx_word' id='word_1_211' title='bbox 965 4184 1139 4246; x_wconf 72' lang='lat' dir='ltr'><strong>Forte</strong></span> <span class='ocrx_word' id='word_1_212' title='bbox 1163 4194 1509 4265; x_wconf 75' lang='lat' dir='ltr'><strong>sceptrigera</strong></span> <span class='ocrx_word' id='word_1_213' title='bbox 1534 4186 1900 4266; x_wconf 81' lang='lat' dir='ltr'><strong>(Ben.).—2.</strong></span> <span class='ocrx_word' id='word_1_214' title='bbox 1935 4192 2226 4247; x_wconf 85' lang='lat' dir='ltr'><strong>Hactenus</strong></span> <span class='ocrx_word' id='word_1_215' title='bbox 2263 4188 2559 4249; x_wconf 80' lang='lat' dir='ltr'><strong>chesnius.</strong></span> <span class='ocrx_word' id='word_1_216' title='bbox 2599 4189 2894 4269; x_wconf 75' lang='lat' dir='ltr'><strong>Sequentia</strong></span> 
     </span>
     <span class='ocr_line' id='line_1_32' title="bbox 796 4276 2882 4362; baseline 0.005 -26"><span class='ocrx_word' id='word_1_217' title='bbox 796 4276 944 4337; x_wconf 81' lang='lat' dir='ltr'><strong>eruit</strong></span> <span class='ocrx_word' id='word_1_218' title='bbox 968 4276 1330 4338; x_wconf 83' lang='lat' dir='ltr'><strong>Mabillonius</strong></span> <span class='ocrx_word' id='word_1_219' title='bbox 1369 4298 1443 4339; x_wconf 83' lang='lat' dir='ltr'><strong>ex</strong></span> <span class='ocrx_word' id='word_1_220' title='bbox 1467 4280 1646 4338; x_wconf 84' lang='lat' dir='ltr'><strong>veteri</strong></span> <span class='ocrx_word' id='word_1_221' title='bbox 1673 4280 1806 4338; x_wconf 86' lang='lat' dir='ltr'><strong>cod.</strong></span> <span class='ocrx_word' id='word_1_222' title='bbox 1847 4282 1908 4341; x_wconf 91' lang='lat' dir='ltr'><strong>S.</strong></span> <span class='ocrx_word' id='word_1_223' title='bbox 1929 4280 2178 4340; x_wconf 85' lang='lat' dir='ltr'><strong>Victoris</strong></span> <span class='ocrx_word' id='word_1_224' title='bbox 2207 4280 2362 4361; x_wconf 78' lang='lat' dir='ltr'><strong>(Vct.</strong></span> <span class='ocrx_word' id='word_1_225' title='bbox 2397 4288 2596 4356; x_wconf 64' lang='lat' dir='ltr'><strong>Attal„</strong></span> <span class='ocrx_word' id='word_1_226' title='bbox 2631 4303 2693 4362; x_wconf 88' lang='lat' dir='ltr'><strong>p.</strong></span> <span class='ocrx_word' id='word_1_227' title='bbox 2721 4284 2882 4359; x_wconf 70' lang='lat'><strong>463).</strong></span> 
     </span>
    </p>
   </div>
  </div>
 </body>
</html>
