3275 5317
891 600 1007 659 182
1328 594 1653 655 OEuvass
1691 577 2118 654 commi-Es
2159 597 2260 655 ns
2295 597 2561 657 svesa.

888 729 1039 802 fere
1070 727 1275 801 annis
1305 725 1614 825 perdito,
1643 725 1988 825 quicquid
2015 748 2619 826 recuperavunus,
2655 731 2760 803 eis
2787 730 2986 805 dimi-

886 848 1156 938 simus3
1194 870 1277 916 ea
1318 860 1558 917 tamen
1604 843 2043 936 conditione,
2081 861 2167 918 ut
2198 846 2276 917 in
2317 848 2644 945 sequenti
2690 846 2809 919 die
2845 848 2988 921 festi

885 962 1077 1036 beati
1107 960 1429 1057 Dionysii
1468 959 1717 1055 viginti
1750 958 2015 1032 solidos
2046 960 2427 1033 refectorio
2458 961 2652 1035 beati
2682 964 2988 1062 Dionysii

884 1077 1320 1179 persolvant.
1364 1079 1444 1147 ln
1472 1076 1727 1148 eadem
1745 1076 1964 1149 etiam
1987 1076 2158 1149 villa
2193 1093 2486 1150 centum
2517 1078 2793 1152 solidos
2818 1080 2991 1152 inter

884 1220 1181 1269 censum
1220 1208 1293 1265 et
1339 1192 1607 1265 talliam
1651 1192 1946 1266 habent.
2004 1192 2347 1268 Corboilo
2379 1197 2658 1268 veroin
2701 1197 2986 1269 circuitu

882 1313 992 1384 sui
1023 1309 1273 1382 decem
1303 1324 1375 1381 et
1419 1324 1697 1408 septem
1739 1307 1960 1381 libras
2003 1310 2097 1382 de
2137 1310 2437 1409 proprio
2464 1335 2710 1404 censu,
2747 1328 2992 1410 praeter

882 1424 1059 1497 alios
1090 1424 1411 1497 redditus
1437 1438 1509 1496 et
1527 1423 2054 1518 venditionum,
2089 1441 2161 1498 et
2183 1425 2698 1520 nundinarum,
2739 1444 2814 1501 et
2843 1428 2990 1500 alia·

877 1566 1046 1613 rum
1097 1540 1741 1631 consuetudinum3
1777 1565 1910 1612 nec
1960 1564 2110 1614 non
2145 1542 2674 1635 molendinum,
2732 1560 2808 1617 et
2851 1544 2988 1617 fur-

882 1680 1089 1748 num,
1122 1670 1194 1728 et
1228 1671 1394 1728 octo
1426 1656 1713 1728 modios
1743 1680 1983 1729 avenae
2021 1682 2192 1730 cum
2219 1657 2522 1754 gallinis,
2577 1673 2652 1732 et
2678 1659 2990 1759 praeben-

886 1770 1057 1844 dam
1086 1772 1438 1869 integram
1469 1773 1706 1844 Sancti
1738 1773 2104 1871 Exuperii.

1546 2024 1736 2095 XXI.
1775 2026 1884 2093 De
1909 2020 2262 2120 Μαι-03170
2295 2016 2316 2053 ⁸
2329 2074 2347 2091 .

983 2228 1065 2296 In
1102 2250 1285 2324 pago
1311 2224 1678 2313 Meldensi,
1713 2224 1876 2297 villa
1905 2250 2065 2323 quae
2103 2223 2368 2296 dicitur
2398 2224 2854 2321 Marogilum,
2881 2250 2984 2298 oc-

886 2342 1169 2413 casione
1195 2340 1571 2439 cujusdam
1594 2343 1884 2414 viaturae
1922 2364 2142 2439 quam
2177 2341 2534 2414 Ansoldus
2549 2340 2642 2413 de
2665 2342 2985 2415 Cornello

887 2457 1037 2529 fere
1068 2482 1295 2556 usque
1342 2458 1436 2530 ad
1477 2460 1664 2557 ipsas
1718 2457 1900 2530 villae
1948 2456 2209 2530 domus
2248 2455 2686 2556 possidebat,
2737 2460 2983 2555 gravis-

887 2575 1066 2647 sime
1096 2572 1567 2647 infestabatur
1599 2597 1619 2646 ι
1657 2598 1827 2646 cum
1859 2598 1994 2647 nec
2024 2573 2348 2669 agricolae
2380 2598 2514 2647 nec
2543 2574 2667 2647 alii
2703 2574 2986 2673 quilibet

887 2688 1129 2762 villam
1166 2690 1357 2762 exire
1398 2704 1559 2762 tuto
1596 2687 1972 2781 auderent,
2023 2689 2198 2785 quin
2229 2690 2731 2762 occasionibus
2765 2690 2985 2762 multis

890 2806 1176 2878 viaturae
1218 2832 1259 2878 a
1292 2804 1767 2879 servientibus
1815 2804 2108 2878 Ansoldi
2140 2820 2587 2904 raperentur,
2633 2820 2710 2879 et
2755 2807 2848 2879 ad
2877 2830 2984 2878 cu-

893 2920 1074 2993 riam
1118 2922 1269 3018 ejus
1313 2922 1689 3019 intercepti
1735 2920 2194 3013 ducerentur,
2243 2948 2376 2995 nec
2407 2921 2647 2996 minus
2674 2921 2769 2995 de
2799 2946 2986 3022 peco-

890 3037 1092 3108 ribus
1120 3038 1365 3111 villam
1391 3036 1813 3111 exeuntibus
1843 3038 2386 3111 redimerentur.
2431 3042 2576 3111 Nos
2608 3064 2782 3135 ergo
2813 3036 2986 3110 mille

818 3249 821 3257 Ι
894 3149 1159 3223 solidos
1174 3176 1308 3250 pro
1328 3178 1501 3251 pace
1520 3152 1841 3249 ejusdem
1863 3153 2071 3245 villae,
2095 3168 2175 3227 ut
2205 3154 2509 3228 eandem
2531 3154 2747 3226 nobis
2774 3152 2987 3225 dimit-

892 3282 1076 3339 teret
1104 3268 1479 3359 viaturam,
1525 3270 1591 3341 ei
1622 3270 1697 3340 in
1736 3270 2450 3368 Hierosolymitanam
2476 3270 2984 3368 expeditionem

892 3381 1373 3482 proficiscenti
1390 3383 1814 3457 donavimus
1833 3412 1853 3477 ;
1877 3402 1975 3478 et,
2007 3401 2088 3457 ut
2115 3384 2305 3457 beati
2333 3386 2658 3483 Dionysii
2675 3386 2988 3484 deinceps

893 3513 1275 3590 constaret,
1312 3524 1444 3600 per
1471 3526 1772 3574 manum
1817 3502 2133 3601 episcopi
2163 3501 2533 3574 Meldensis
2573 3505 2898 3577 Manassae
2927 3513 2987 3571 et

894 3615 1207 3687 ecclesiae
1237 3614 1585 3711 ejusdem,
1612 3641 1745 3689 nec
1767 3642 1915 3689 non
1934 3632 2006 3689 et
2032 3616 2262 3714 sigillo
2290 3618 2570 3690 comitis
2583 3614 2983 3706 Theobaldi,

895 3744 1253 3802 annuente
1302 3732 1451 3829 ejus
1504 3756 1726 3805 uxore
1773 3746 1845 3805 et
1901 3732 2076 3824 filio,
2127 3732 2341 3805 nobis
2371 3732 2643 3804 firmari
2677 3732 2979 3805 fecimus.

893 3846 1070 3915 Eam
1113 3848 1333 3937 enim,
1384 3848 1565 3919 sicut
1595 3847 1960 3921 confessus
1995 3862 2125 3940 est,
2162 3849 2418 3945 injuste
2457 3840 2979 3947 occupaverat².

992 3964 1584 4036 Commutationis
1630 3964 1845 4035 etiam
1881 3962 2256 4062 cujusdam
2291 3963 2600 4037 formam
2645 3986 2982 4038 successo-

970 4239 1033 4301 1.
1077 4232 1265 4295 Hodie·
1286 4239 1548 4295 Mareut'l
1570 4235 2152 4319 (Scine-et-Marne).

972 4332 1032 4387 2.
1063 4330 1443 4407 Usar-paverat
1468 4330 1563 4389 ed.
1594 4329 1806 4392 Choen.
