3275 5317
866 594 979 649 188
1296 591 1619 649 OEnvsssss
1659 574 2086 648 coMPLE‘i-Es
2131 588 2229 643 ns
2271 585 2540 645 SUGER.

863 722 1202 797 Meldensi
1269 722 1601 820 episcopo
1668 734 1738 793 et
1795 723 2005 791 Petro
2051 716 2576 791 silvanectensi.
2639 723 2956 806 Quorum

864 839 1086 911 trium
1139 860 1287 909 una
1348 852 1420 909 et
1488 836 1792 933 gloriosa
1839 835 2226 933 processio,
2281 857 2450 904 cum
2514 857 2648 931 per
2701 835 2954 906 ostium

861 954 1083 1026 sancti
1126 952 1482 1025 Eustachii
1520 950 2001 1048 egrederetur,
2051 964 2215 1022 ante
2251 948 2680 1047 principales
2725 964 2956 1047 portas

860 1068 1255 1141 transiliens
1306 1092 1472 1141 cum
1533 1067 1802 1162 ingenti
1863 1066 2032 1138 cleri
2095 1063 2534 1137 decantantis
2587 1080 2663 1137 et
2720 1064 2956 1163 populi

862 1182 1315 1283 tripudiantis
1375 1181 1612 1275 turba,
1675 1180 2024 1282 episcopis
2077 1178 2556 1279 praeeuntibus
2595 1193 2670 1252 et
2713 1195 2954 1251 sanctae

860 1298 1341 1372 insistentibus
1372 1298 1915 1388 consecrationi,
1963 1319 2094 1395 per
2128 1294 2554 1389 singularem
2591 1294 2751 1365 atrii
2789 1318 2950 1393 por-

850 1430 1009 1486 tam
1057 1413 1147 1487 de
1198 1414 1495 1511 antiquo
1524 1412 1599 1483 in
1645 1435 1916 1484 novum
1964 1434 2146 1510 opus
2199 1410 2698 1508 transpositam
2754 1410 2955 1481 tertio

858 1528 1462 1625 ingrediebantur.
1537 1531 1625 1601 Et
1689 1526 1783 1600 ad
1835 1525 2190 1600 honorem
2254 1525 2764 1625 omnipotentis
2831 1526 2952 1595 Dei

858 1647 1111 1721 festivo
1138 1671 1352 1746 opere
1385 1645 1743 1743 completo
1750 1698 1769 1731 ,
1815 1669 1986 1717 cum
2008 1644 2080 1714 in
2110 1644 2470 1741 superiore
2495 1656 2696 1741 parte
2726 1640 2952 1714 elabo-

857 1788 1014 1837 rare
1044 1765 1594 1859 accingeremur,
1613 1759 2135 1861 aliquantulum
2148 1760 2473 1855 fatigatos
2501 1758 2943 1845 recreabant3

859 1895 933 1954 et
961 1902 1053 1951 ne
1095 1876 1363 1950 laboris
1413 1892 1539 1949 aut
1587 1878 1899 1975 penuriae
1947 1876 2238 1972 alicujus
2283 1876 2542 1948 timore
2607 1874 2950 1973 deprime-

862 2018 1105 2067 remur
1134 1992 1645 2089 gratantissime
1675 1990 2170 2064 sollicitabant.

1004 2242 1007 2247 ·
1134 2224 1405 2295 XXVII.
1445 2226 1552 2293 De
1568 2224 1805 2320 porcis
1829 2220 2164 2321 fusilibus
2189 2237 2262 2293 el
2292 2219 2684 2294 deaut-attis.

955 2422 1210 2495 Valvas
1266 2424 1618 2522 siquidem
1677 2423 2127 2523 principaleS,
2187 2424 2428 2495 accitis
2476 2421 2836 2495 fusoribus
2889 2434 2954 2493 et

858 2538 1095 2611 electis
1124 2537 1625 2641 sculptoribus,
1662 2540 1734 2612 iu
1765 2538 2026 2637 quibus
2054 2542 2285 2639 passio
2329 2538 2712 2611 Salvatoris
2743 2552 2810 2609 et
2846 2561 2950 2608 re-

860 2655 1200 2727 surrectio
1259 2654 1374 2727 vel
1421 2655 1740 2726 ascensio
1781 2656 2193 2727 continetur
2213 2708 2233 2744 ,
2298 2652 2544 2726 multis
2611 2652 2946 2752 expensis,

858 2770 1089 2841 multo
1123 2785 1416 2868 sumptu
1452 2770 1527 2841 in
1560 2793 1810 2841 earum
1842 2769 2330 2861 deauratione,
2369 2784 2452 2842 ut
2476 2768 2704 2841 nobili
2733 2767 2952 2866 porti-

857 2886 974 2957 cui
1009 2885 1503 2977 conveniebat,
1540 2886 1920 2958 ereximuS.
1961 2889 2248 2958 Necnon
2275 2899 2349 2957 et
2377 2886 2548 2957 alias
2575 2886 2650 2956 in
2679 2884 2948 2956 dextera

856 3016 1057 3100 parte
1106 3028 1351 3095 novas,
1397 3003 1470 3074 in
1525 3003 1802 3075 sinistra
1851 3028 2026 3075 vero
2076 3005 2403 3101 antiquas
2464 3003 2601 3077 sub
2657 3003 2947 3089 musivo,

860 3115 1061 3212 quod
1092 3130 1164 3187 et
1188 3141 1456 3188 novum
1488 3132 1739 3189 contra
1780 3141 1989 3190 usum
2021 3117 2140 3189 hic
2167 3117 2324 3190 fieri
2347 3132 2418 3190 et
2449 3119 2523 3190 in
2549 3142 2721 3190 arcu
2751 3131 2955 3216 portae

860 3230 1182 3327 imprimi
1239 3228 1786 3305 elaboravimus·
1848 3235 2126 3305 Turrim
2181 3236 2399 3307 etiam
2458 3248 2534 3307 et
2605 3233 2953 3331 superiora

862 3344 1119 3417 frontis
1190 3346 1726 3444 propugnacula
1749 3401 1768 3439 ,
1856 3364 2000 3421 tarn
2081 3348 2174 3421 ad
2245 3348 2552 3422 ecclesiae
2631 3348 2952 3421 decorem

861 3484 1081 3557 quam
1121 3475 1195 3533 et
1241 3462 1651 3552 utilitatem,
1683 3464 1743 3534 si
1794 3466 2292 3563 opportunitas
2336 3466 2669 3559 exigeret,
2713 3462 2954 3535 variari

860 3576 1342 3669 condiximus3
1382 3578 1633 3650 litteris
1671 3578 1887 3651 etiam
1927 3604 2153 3679 cupro
2191 3579 2546 3653 deauratis
2595 3602 2952 3653 consecra·

858 3692 1073 3764 tionis
1103 3717 1371 3765 annum
1407 3692 1773 3786 intitulari,
1827 3719 1918 3765 ne
1957 3694 2305 3769 oblivioni
2348 3696 2752 3769 traderetur
2789 3718 2954 3795 prae-

862 3805 1185 3906 cepimus
1210 3808 1351 3881 hoc
1378 3806 1603 3880 modo
1639 3836 1657 3880 :

1020 3983 1111 4043 Ad
1139 3984 1316 4044 decus
1342 3985 1616 4061 ecclesiae,
1643 4004 1772 4065 quae
1797 3985 1941 4046 fovit
1965 3998 2030 4071 et*
2053 3988 2260 4048 extulit
2284 3988 2472 4062 illum,

1096 4078 1367 4155 Sugerius
1384 4080 1403 4114 ¹
1434 4078 1652 4139 studuit
1677 4080 1752 4139 ad
1779 4080 1954 4140 decus
1979 4081 2254 4142 ecclesiae.

944 4294 973 4349 1
1042 4294 1351 4371 suggerius
1382 4293 1515 4353 cod.
1555 4312 1691 4367 mm,
1725 4306 1790 4352 ut
1823 4306 1882 4353 et
1911 4292 2079 4356 alias·
