3275 5317
900 592 1023 648 vm
1062 593 1161 647 DE
1201 592 1421 649 LOUIS
1460 594 1554 648 LE
1594 592 1810 675 GRQS.
2293 595 2407 651 125

302 724 605 797 tentoria
661 722 989 818 figenteS,
1057 740 1397 821 sequente
1462 725 1655 803 intus
1673 778 1694 812 ,
1757 724 2009 822 sopitis
2067 724 2406 815 flammiS,

300 834 845 933 reportavimus.
888 838 1027 907 Rex
1068 860 1243 907 vero
1274 860 1559 907 summo
1591 859 1803 906 mane
1831 835 1985 931 {hoc
2027 860 2174 907 uno
2221 834 2410 908 facto

304 964 379 1022 et
411 975 535 1023 eos
574 949 1040 1039 contristavit,
1075 965 1144 1021 et
1186 976 1317 1023 nos
1348 950 1771 1023 exhilaravit
1806 976 1823 1021 ε
1863 950 2206 1047 quoniam
2243 974 2411 1021 cum

304 1066 609 1139 tentoria
672 1080 941 1155 nostra,
1009 1090 1152 1137 una
1211 1066 1302 1139 de
1360 1082 1561 1165 parte
1624 1066 1807 1138 turri
1863 1066 2404 1165 propinquiora,

302 1180 534 1254 multo
558 1179 777 1271 bello,
830 1180 1074 1253 multis
1106 1182 1519 1277 sagittarum
1550 1196 1623 1253 et
1655 1180 2060 1278 jaculorum
2093 1182 2411 1254 emissio-

312 1296 553 1389 nibus,
607 1297 705 1368 ita
744 1296 961 1367 etiam
992 1312 1101 1387 ut,
1151 1297 1730 1395 praemissisinter
1762 1320 1896 1368 nos
1941 1310 2015 1369 et
2065 1298 2256 1395 ipsos
2293 1322 2408 1369 ar·

300 1428 664 1485 matorum
730 1412 1097 1511 praesidiiS,
1167 1438 1299 1485 nos
1356 1413 1617 1511 clypeis
1689 1414 1950 1511 operiri
2016 1427 2408 1511 oporteret,

302 1528 629 1601 lacessire
660 1543 809 1600 tota
852 1544 1063 1601 nocte
1105 1553 1253 1600 non
1286 1528 1730 1615 desisterent,
1773 1527 2184 1623 significavit
2221 1528 2414 1601 mili-

306 1644 440 1716 tari
472 1644 629 1715 viro
674 1656 745 1715 et
780 1644 1056 1738 egregio
1103 1644 1359 1715 baroni
1404 1643 1762 1715 Amalrico
1792 1642 1881 1714 de
1920 1646 2160 1715 Monte
2175 1644 2364 1717 Forti
2391 1644 2414 1685 ¹

304 1774 413 1849 ut,
454 1760 551 1831 eis
583 1784 671 1829 ex
696 1758 994 1856 obliquo
1017 1757 1306 1830 insidias
1341 1784 1644 1857 ponens,
1677 1782 1768 1830 ne
1804 1760 2253 1857 procinctum
2287 1759 2418 1831 im-

302 1899 497 1972 pune
567 1873 1113 1970 regrederentur
1161 1873 1557 1971 provideat.
1633 1876 1774 1962 Qui
1833 1873 2096 1947 talibus
2151 1873 2414 1947 callens

303 1990 707 2062 intentoriis
729 1993 776 2082 ²,
814 1992 1028 2063 sumit
1056 2016 1281 2084 arma,
1321 2016 1581 2089 eosque
1622 2015 1978 2089 equorum
2012 1989 2410 2081 velocitate,

306 2130 397 2175 ex
431 2104 726 2201 obliquo
758 2108 1017 2178 nostris
1048 2132 1171 2179 eos
1206 2106 1796 2205 impedientibuS,
1822 2105 2188 2205 inopinate
2210 2131 2422 2204 quos-

308 2218 483 2291 dam
513 2221 890 2320 intercipit,
924 2223 1073 2317 regi
1099 2221 1422 2294 celeriter
1445 2223 1763 2295 remittit.
1802 2222 1942 2309 Qui
1969 2248 2136 2294 cum
2163 2221 2420 2294 redimi

308 2360 385 2407 se
430 2336 659 2410 multo
722 2352 1076 2435 rogarent,
1138 2338 1443 2437 imperat
1498 2364 1621 2411 eos
1688 2342 2072 2429 emancari,
2129 2361 2422 2409 mancos

305 2465 581 2538 autem,
617 2478 893 2551 pugnos
944 2454 1017 2524 in
1060 2452 1318 2551 pugnis
1362 2453 1783 2545 referenteS,
1820 2454 2012 2525 intus
2049 2452 2256 2525 sociis
2317 2478 2424 2525 re-

302 2565 523 2639 mitti.
568 2566 848 2653 Quibus
880 2568 1117 2639 caeteri
1151 2568 1378 2639 territi
1399 2566 1732 2667 deinceps
1762 2592 1898 2640 nos
1932 2566 2208 2664 quietos
2235 2568 2422 2640 sine-

304 2681 513 2752 bant.
554 2684 881 2778 Cumque
911 2682 1409 2754 machinarum
1442 2698 1512 2755 et
1538 2684 2171 2756 instrumentorum
2201 2698 2426 2755 struc-

308 2812 481 2867 tura
526 2796 973 2888 demorante,
1020 2812 1171 2870 tota
1213 2798 1537 2869 Alvernia
1600 2798 1952 2872 voluntati
1999 2815 2070 2871 et
2127 2798 2424 2872 arbitrio

305 2912 665 2985 exercitus
693 2927 987 3010 pateret,
1026 2913 1171 2986 dux
1198 2914 1591 3011 Aquitaniae
1627 2913 2073 3006 GuillelmuS,
2113 2916 2418 2989 exercitu

306 3028 835 3124 Aquitanorum
882 3028 1131 3123 fretuS,
1170 3030 1481 3103 advenit.
1535 3032 1678 3117 Qui
1723 3056 1890 3103 cum
1941 3030 2016 3101 in
2064 3031 2423 3104 montanis
2505 3078 2510 3083 ·

307 3158 539 3215 castra
580 3158 911 3239 metatus,
952 3147 1025 3218 in
1073 3146 1290 3245 plano
1336 3150 1771 3219 Francorum
1805 3147 2200 3220 intueretur
2227 3148 2422 3220 ruti-

310 3260 457 3331 lare
499 3260 907 3359 phalanges,
957 3260 1347 3335 admiratus
1388 3263 1738 3335 exercitus
1772 3263 1954 3335 tanti
1990 3262 2421 3359 magnitudi-

314 3400 511 3467 nem,
550 3378 886 3475 poenituit
924 3403 1090 3451 eum
1143 3403 1278 3476 pro
1334 3379 1752 3476 impotentia
1795 3378 1883 3450 ad
1918 3377 2419 3472 refragandum

314 3493 589 3565 venisse
617 3521 637 3586 3
674 3494 1103 3592 mittensque
1133 3494 1466 3593 pacificos
1495 3496 1644 3593 regi
1665 3497 1687 3533 ³
1714 3496 2042 3584 nunciOS,
2077 3508 2158 3564 ut
2181 3494 2248 3563 ei
2267 3508 2426 3563 tan·-

315 3634 537 3706 quam
587 3610 885 3683 domino
932 3636 1063 3683 suo
1118 3611 1452 3709 loquatur
1521 3612 1809 3702 assistit,
1883 3633 2222 3710 perorans
2272 3608 2415 3679 hoc

314 3723 542 3797 modo
579 3751 598 3796 ε
656 3756 691 3793 α
730 3728 891 3799 Dux
923 3741 1091 3798 tuus
1124 3726 1540 3823 Aquitaniae,
1577 3725 1870 3799 domine
1895 3748 2048 3815 rex,
2101 3721 2326 3795 multa
2353 3736 2426 3795 te

399 3931 459 3990 1.
493 3935 551 3986 Α
575 3930 911 4006 Montefortt'
934 3928 1071 3991 edd.
1106 3930 1304 3995 Germ.
1333 3950 1401 3989 ac
1430 3928 1640 3991 Chesn.

398 4025 462 4082 2.
490 4029 879 4100 Intemptort’is
916 4028 1029 4085 543
1070 4036 1129 4084 et
1160 4028 1341 4089 5925.
1369 4058 1451 4071 —
1470 4029 1823 4084 Intemtorit‘s
1852 4027 2070 4085 12710.
2101 4058 2182 4071 —-
2204 4031 2279 4086 In
2310 4038 2426 4083 ten-

318 4118 477 4176 toriis
524 4120 679 4178 6265
706 4138 775 4177 ac
809 4118 945 4181 edd.
981 4120 1180 4182 Germ.
1213 4132 1271 4180 et
1294 4120 1507 4183 Chesn.
1528 4152 1609 4166 —-
1634 4124 1966 4180 Intentoriis
1991 4119 2085 4179 ed.
2123 4118 2419 4181 Benedict.

318 4212 491 4271 Forte
516 4231 627 4291 pro
655 4218 1093 4289 intentameneis,
1118 4224 1183 4271 ut
1201 4210 1378 4272 habet
1404 4212 1648 4273 Freher.

400 4306 461 4363 3.
488 4310 633 4383 Rege·
654 4303 939 4365 omittitur
956 4303 1019 4364 in
1049 4304 1179 4365 cod.
1215 4307 1435 4365 12710.
