3275 5317
612 532 763 589 SUR
802 531 943 590 soN
982 532 1621 590 ADMINISTRATION
1667 534 2102 594 ABBATIALE.
2291 536 2394 593 16¹

295 658 735 733 fundationis
765 676 841 733 et
870 661 1276 733 donationis
1296 675 1369 733 et
1390 659 2020 733 confirmationum
2045 663 2411 761 privilegia

296 772 511 847 bonae
540 776 899 848 memoriae
934 800 1133 875 papae
1174 777 1498 849 Honorio
1537 778 1837 848 Romam
1873 775 2354 872 delegavimus
2383 806 2400 869 3

296 889 738 988 postulantes
766 906 848 965 ut
871 891 1217 988 justitiam
1242 906 1561 964 nostram
1586 892 1931 965 canonico
1957 894 2413 991 investigaret

296 1018 375 1076 et
409 1006 814 1079 restitueret
841 1008 1207 1080 scrutinio.
1240 1008 1408 1097 Qui,
1444 1022 1525 1080 ut
1556 1022 1707 1080 erat
1733 1009 1847 1079 vir
1870 1009 2147 1082 consilii
2172 1023 2245 1081 et
2267 1009 2412 1106 jus·

300 1121 470 1193 titiae
504 1134 725 1214 tutor,
754 1136 901 1195 tam
930 1146 1066 1219 pro
1096 1138 1343 1195 nostra
1374 1121 1646 1220 justitia
1680 1146 1899 1220 quam
1923 1147 2061 1221 pro
2103 1125 2414 1197 enormi-

298 1250 443 1308 tate
496 1234 1019 1311 monacharum
1067 1235 1338 1309 ibidem
1386 1237 1576 1310 male
1622 1237 2042 1327 viventium,
2103 1239 2415 1312 eundem

296 1350 512 1423 nobis
560 1350 805 1423 locum
852 1376 1020 1424 cum
1073 1350 1512 1450 appendiciis
1554 1351 1725 1442 suiS‚
1777 1368 1860 1425 ut
1905 1353 2414 1428 reformaretur

300 1464 409 1537 ibi
430 1464 793 1563 religionis
821 1465 1031 1557 ordo,
1070 1466 1405 1539 restituit.
1442 1470 1585 1537 Rex
1618 1490 1794 1538 vero
1820 1464 2222 1541 Ludovicus
2246 1468 2416 1541 Phi·

300 1580 507 1680 lippi,
544 1580 1001 1653 charissimus
1028 1580 1365 1654 dominus
1394 1596 1467 1654 et
1505 1582 1777 1653 amicus
1801 1596 2071 1677 noster,
2117 1584 2420 1657 eandem

302 1697 831 1768 restitutionem
861 1695 1353 1789 confirmavit3
1396 1711 1469 1769 et
1497 1721 1970 1796 quaecumque
2001 1700 2260 1795 regalia
2289 1698 2421 1771 ibi·

304 1810 477 1885 dem
526 1810 863 1898 habebat,
920 1812 1340 1886 auctoritate
1391 1816 1597 1909 regiae
1643 1816 2048 1909 majestatiS,
2111 1814 2419 1889 ecclesiae

302 1944 662 2027 praecepto
694 1928 1025 2003 firmavit.
1063 1931 1280 2028 Cujus
1315 1930 1609 2029 quidem
1638 1934 2191 2030 recuperationis
2215 1949 2419 2006 teno-

306 2067 471 2115 rem
518 2044 760 2141 siquis
786 2043 1064 2143 plenius
1106 2069 1316 2118 nosse
1343 2046 1677 2138 voluerit,
1710 2048 1783 2118 in
1822 2048 2031 2119 cartis
2064 2073 2312 2144 regum
2347 2064 2422 2119 et

310 2158 690 2257 privilegiis
712 2161 1277 2259 Apostolicorum
1296 2161 1731 2234 enucleatius
1759 2164 2025 2259 poterit
2051 2162 2417 2260 reperire¹.

312 2274 529 2371 Cujus
572 2274 836 2349 scilicet
883 2275 1187 2347 abbatiae
1236 2290 1310 2347 et
1367 2275 1984 2374 appendiciorum,
2047 2300 2208 2373 quae
2259 2291 2429 2348 sunt

308 2392 621 2488 Trappae,
641 2393 1121 2481 HerencurtiS,
1148 2390 1660 2478 Chaveniacus,
1705 2388 2203 2481 Burdeniacus,
2239 2392 2428 2463 Ceri-

311 2504 565 2596 siacus,
604 2521 677 2577 et
712 2523 896 2577 terra
934 2504 1026 2576 de
1051 2510 1293 2576 Monte
1312 2506 1614 2576 Meliano
1638 2519 1712 2577 et
1743 2506 2117 2594 Bunziaco,
2155 2505 2303 2578 sive
2335 2505 2426 2578 de

310 2619 727 2690 Mosteriolo
758 2618 959 2715 quod
991 2633 1097 2689 est
1125 2642 1351 2716 prope
1382 2617 1836 2707 Milidunum,
1884 2634 1955 2690 et
1985 2618 2292 2691 aliorum
2322 2622 2427 2691 in-

313 2748 763 2805 crementum
799 2734 1050 2831 quanti
1080 2748 1382 2826 constet,
1441 2735 1567 2829 qui
1597 2736 1954 2831 sapienter
2002 2734 2124 2809 illa
2161 2750 2431 2809 tracta-

313 2846 503 2921 bunt
532 2872 670 2947 pro
701 2872 956 2944 magno
986 2848 1257 2947 praelati
1276 2872 1704 2945 cognoscere
1735 2864 2101 2948 poterunt.

410 2968 523 3036 De
547 2963 846 3061 antiquo
878 2987 1091 3036 censu
1126 2964 1540 3060 Argentoili,
1581 2964 1706 3063 qui
1751 2965 1844 3039 ad
1869 2965 2236 3040 abbatiam
2271 2991 2419 3040 non

314 3078 649 3178 pertinet,
682 3078 1207 3151 incrementum
1240 3095 1347 3152 est
1360 3080 1607 3175 viginti
1622 3073 2011 3173 librarum3
2035 3084 2226 3181 quia,
2261 3107 2428 3154 cum

318 3194 495 3267 olim
560 3218 708 3265 non
765 3192 1192 3268 haberemus
1250 3195 1386 3269 nisi
1436 3195 1685 3292 viginti
1728 3194 1948 3269 libras
1969 3251 1988 3288 ,
2041 3198 2266 3271 modo
2322 3201 2440 3271 XL

318 3309 743 3384 redduntur.
798 3314 908 3383 De
946 3336 1229 3384 annona
1283 3311 1479 3410 prius
1520 3336 1639 3385 sex
1680 3312 1983 3407 modios,
2027 3312 2252 3387 modo
2305 3316 2434 3385 XV

318 3426 729 3526 recipimus.

1006 3664 1130 3734 lv.
1174 3666 1281 3732 De
1306 3666 1377 3733 V
1371 3661 1733 3733 ilcassino.

431 3858 791 3933 vilcassini
818 3859 1198 3958 siquidem,
1230 3856 1428 3957 quod
1454 3870 1561 3929 est
1587 3857 1774 3928 inter
1795 3859 2062 3927 Isaram
2085 3867 2159 3927 et
2176 3858 2437 3946 littam,

323 3972 653 4050 nobilem
725 3976 1168 4063 comitatum,
1232 3999 1449 4075 quem
1505 3970 1892 4073 perhibent
1955 3970 2443 4046 immunitates

414 4162 473 4218 1.
515 4156 601 4215 Cf.
646 4156 966 4235 praesertim
1006 4152 1281 4235 epistolas
1320 4154 1397 4213 ad
1442 4152 1555 4211 hoc
1602 4148 1898 4231 negotium
1941 4162 2284 4231 spectantes,
2313 4170 2444 4230 quae

330 4249 485 4311 infra
507 4250 759 4310 eduntur
784 4250 875 4310 vel
900 4248 1253 4310 indicantur.

2128 4346 2197 4402 11
