3275 5317
878 576 990 632 161.
1308 570 1633 631 OEuvasss
1673 551 2098 628 compmlzms
2137 569 2238 625 DE
2279 568 2550 627 susan.

1558 784 1709 854 vll.
1760 786 1868 852 De
1903 782 2235 879 Cergiaco
2253 782 2298 851 ¹.

968 986 1172 1085 Apud
1204 987 1641 1083 Cei-giacum,
1681 984 1773 1058 de
1811 985 2036 1058 bosco
2080 983 2548 1083 quadraginta
2588 982 2862 1057 solidos
2889 985 2992 1059 de

868 1127 1110 1193 censu,
1158 1117 1231 1175 et
1260 1102 1666 1175 hominium
1713 1100 1957 1175 militis
1985 1099 2375 1174 Theobaldi
2403 1099 2494 1172 de
2535 1100 2868 1189 Puteolis,
2905 1116 2986 1173 et

866 1217 1327 1319 quadraginta
1358 1242 1639 1291 saumas
1671 1217 2065 1290 asinorum.

1522 1454 1708 1521 vln.
1743 1454 1850 1521 De
1891 1450 2253 1521 homenis
2267 1452 2315 1524 ².

957 1652 1164 1751 Apud
1194 1660 1620 1743 LovecenaS,
1643 1676 1813 1725 cum
1834 1652 2181 1750 quicquid
2207 1650 2478 1725 ibidem
2495 1649 2974 1743 habebamus,

861 1784 1005 1841 tam
1032 1793 1326 1842 censum
1358 1793 1571 1867 quam
1596 1794 1960 1841 annonam
1985 1783 2060 1841 et
2092 1770 2370 1859 vinum,
2401 1792 2536 1867 pro
2566 1767 2978 1866 quindecim

858 1882 1060 1956 libris
1118 1900 1262 1957 tam
1304 1908 1439 1956 nos
1485 1909 1705 1981 quam
1740 1894 2216 1957 antecessores
2263 1884 2491 1955 nostri
2533 1907 2663 1981 per
2704 1908 2976 1955 annum

858 1996 1027 2071 dare
1050 2001 1575 2091 consuevimuS‚
1602 2014 1768 2098 post
1794 1998 2120 2097 quaedam
2151 1997 2410 2098 placita
2431 1997 2523 2070 de
2553 1999 2818 2071 mansis
2851 2023 2978 2070 an·

853 2112 1092 2211 niquis,
1127 2114 1388 2211 quibus
1410 2116 1716 2187 rusticos
1733 2114 2103 2187 vinearum
2129 2113 2440 2187 cultores
2464 2112 2554 2185 de
2571 2115 2975 2187 retentione

851 2222 1268 2298 reddituum
1304 2226 1838 2323 intercepimus,
1873 2224 2070 2298 salvo
2107 2250 2349 2297 annuo
2382 2248 2600 2295 censu
2648 2224 2974 2297 denario·

850 2363 1014 2411 rum
1030 2356 1104 2413 et
1119 2365 1429 2429 annona,
1450 2356 1743 2414 centum
1760 2341 1910 2413 fere
1939 2340 2216 2414 modios
2247 2338 2392 2412 vini
2423 2339 2962 2436 adquisivimus·

1504 2576 1623 2644 lx.
1660 2578 1768 2644 De
1807 2570 2244 2645 Vernullello
2270 2574 2314 2647 ⁸.

944 2776 1050 2844 De
1102 2769 1564 2863 Vernullello,
1628 2768 1826 2869 quod
1867 2770 2329 2869 quadraginta
2370 2772 2572 2844 annis
2604 2770 2740 2844 sub
2767 2772 2964 2845 vadi-

846 2888 1094 2960 monio
1130 2887 1164 2959 s
1161 2904 1383 2981 uerat,
1422 2886 1674 2960 decem
1706 2887 1924 2959 libras
1966 2888 2128 2961 data
2176 2888 2671 2987 redemptione
2705 2892 2962 2990 recipi·

846 3028 1047 3095 mus3
1083 3029 1251 3076 cum
1281 3030 1426 3075 non
1454 3004 1589 3075 nisi
1622 3004 1975 3101 sexaginta
2007 3004 2275 3078 solidos
2308 3022 2473 3079 ante
2505 3006 2954 3081 haberemus.

847 3122 1060 3216 Cujus
1092 3120 1233 3194 loci
1264 3120 1586 3196 redditus
1616 3119 1711 3192 ad
1751 3146 1884 3193 nos
1915 3122 2352 3221 pertinentes
2381 3122 2720 3197 fratribus
2755 3122 2958 3197 infir·-

846 3236 982 3308 mis
1012 3260 1096 3307 ex
1129 3236 1407 3331 integro
1442 3235 1903 3310 contulimus.

1453 3472 1543 3541 X.
1586 3474 1692 3539 De
1717 3467 1926 3541 Valle
1959 3471 2331 3546 C1·lsom'.s·‘.

938 3670 1144 3770 Apud
1196 3670 1465 3745 Vallem
1500 3672 1810 3745 Crisonis
1841 3672 2081 3746 villam
2127 3674 2628 3751 aedifioevimus
2643 3680 2691 3771 ⁸,
2731 3681 2958 3755 eoele-

840 3788 1014 3859 siam
1058 3803 1129 3861 et
1179 3786 1481 3862 domum
1517 3788 2041 3884 constituimus»,
2083 3806 2156 3863 et
2203 3816 2496 3865 carruca
2537 3808 2798 3868 terram
2833 3797 2952 3869 in-

921 4008 977 4063 1.
1022 4006 1231 4083 Cet-gv,
1256 4024 1439 4085 prope
1465 4005 1840 4067 pontisaram.
1871 4040 1950 4054 —
1978 4012 2036 4067 2.
2086 4006 2265 4090 Vulgo
2289 4016 2694 4071 Louveciennes
2722 4012 2956 4094 (Seiae-

836 4096 1113 4176 choise).
1152 4130 1224 4144 —
1255 4102 1311 4157 3.
1359 4102 1726 4172 Ver-mulnet,
1743 4098 1912 4181 juxta
1933 4101 2265 4162 Pissiacum.

916 4193 980 4253 Ιι.
1026 4198 1391 4265 Vaut-resson,
1417 4191 1573 4251 haud
1600 4194 1803 4272 procul
1833 4196 1868 4253 ὲ
1892 4198 2100 4256 Sancto
2141 4196 2478 4263 Clodonldo.

920 4289 977 4346 5.
1006 4286 1072 4345 V.
1108 4283 1279 4361 infra,
1316 4284 1469 4345 'mter
1494 4284 1720 4363 Sugerii
1744 4286 1994 4361 chartas,
2023 4285 2194 4369 hujus
2219 4289 2372 4350 villae
2400 4290 2828 4357 fundationem.
