3275 5317
1152 586 1279 645 VIE
1320 590 1421 646 DE
1458 588 1732 650 SUGER.
2374 596 2488 653 383

370 717 629 809 mium,
692 716 927 814 quod,
982 718 1042 789 si
1100 720 1261 816 quis
1326 720 1712 817 aliquando
1771 718 2228 795 subditorum
2291 723 2485 823 apud

369 834 609 933 ipsum
638 846 1005 906 accusatus
1034 834 1306 925 fuisset,
1338 859 1485 907 non
1522 836 1763 907 statim
1793 861 2041 908 aurem
2075 862 2488 911 accommo-

369 948 615 1040 dabat,
646 948 774 1021 sed
809 948 1167 1023 delatores
1207 966 1287 1022 ut
1313 950 1912 1048 prudentissimus
1961 951 2278 1025 habebat
2332 980 2485 1027 sus-

368 1080 615 1164 pectos
648 1092 667 1135 :
698 1063 1073 1161 indignum
1096 1064 1431 1160 judicans
1461 1066 1814 1139 ultionem
1844 1066 1936 1138 de
1969 1092 2334 1167 quoquam
2362 1095 2489 1168 pe-

367 1193 545 1271 tere,
594 1178 827 1252 donec
885 1178 1204 1276 diligenti
1258 1182 1798 1276 investigatione
1863 1183 1938 1255 in
1998 1209 2154 1255 rem
2211 1184 2489 1282 plenius

366 1294 616 1367 fuisset
673 1293 1052 1382 inductus3
1110 1310 1479 1394 peccantes
1536 1296 1869 1394 punienS,
1919 1323 2068 1370 non
2117 1314 2267 1373 tam
2320 1301 2491 1398 quia

363 1425 799 1508 peccassent,
838 1434 1062 1509 quam
1091 1435 1185 1482 ne
1233 1426 1641 1508 peccarent.
1700 1416 1865 1484 Jam
1910 1438 2084 1485 vero
2145 1414 2220 1485 in
2269 1414 2488 1487 ulcis-

365 1524 601 1598 cendo
634 1524 849 1597 talem
881 1551 957 1597 se
1004 1524 1412 1617 exhibebat,
1470 1541 1551 1598 ut
1601 1552 1819 1600 nemo
1850 1553 2060 1600 sanus
2092 1526 2488 1625 ambigeret

363 1641 926 1739 compatientem
988 1640 1192 1714 illum
1252 1657 1327 1715 et
1383 1642 1689 1715 invitum
1761 1642 2110 1716 ultionem
2180 1646 2476 1741 exigere.

364 1752 812 1853 Corripiebat
860 1768 941 1827 ut
976 1770 1245 1853 pastor,
1282 1754 1866 1829 condescendens
1915 1771 1997 1828 ut
2035 1773 2264 1855 pater.
2301 1758 2483 1831 Off·-

362 1867 576 1941 ciales
621 1894 788 1943 suos
827 1893 976 1942 non
1025 1870 1228 1943 facile
1254 1870 1349 1943 ab
1382 1871 2150 1946 amministrationibus
2193 1899 2485 1947 amove-

359 1985 517 2076 bat,
553 1986 688 2058 nisi
718 1986 929 2058 certis
960 2000 1034 2058 et
1078 1988 1349 2084 magnis
1383 1988 1793 2061 extantibus
1824 1988 2078 2079 causis,
2130 2004 2202 2062 et
2256 1990 2485 2090 culpis

360 2100 892 2199 apparentibus,
936 2100 1239 2176 Dicebat
1271 2103 1467 2175 enim
1497 2102 1680 2175 nihil
1713 2102 1948 2175 minus
1975 2104 2308 2202 expedire
2347 2106 2485 2177 rei-

290 2232 295 2235 ·
357 2213 691 2313 publicae,
736 2216 915 2288 dum
950 2232 1020 2288 et
1060 2214 1140 2288 hi
1183 2216 1311 2316 qui
1353 2232 1780 2290 amoventur
1819 2234 1978 2315 quae
2007 2233 2307 2316 possunt
2342 2244 2484 2291 au-

360 2328 624 2423 ferant,
657 2346 733 2405 et
782 2330 1174 2424 substituti,
1211 2333 1381 2429 quia
1408 2330 1603 2404 idem
1652 2346 2012 2427 metuunt,
2067 2331 2163 2404 ad
2198 2334 2482 2433 rapinas

356 2444 715 2518 festinent.

454 2564 546 2633 At
578 2561 903 2660 plerique
945 2561 1059 2635 vel
1090 2561 1316 2663 ignari
1355 2561 1475 2635 vel
1500 2560 1738 2633 aemuli
1763 2568 1818 2649 ¹,
1856 2564 1982 2660 qui
2012 2560 2209 2634 hunc
2243 2562 2482 2637 minus

356 2692 731 2769 noverant,
767 2678 1085 2773 egregios
1120 2678 1257 2748 viri
1290 2701 1526 2749 mores
1570 2675 1852 2749 sinistra
1895 2679 2482 2777 interpretatione

354 2791 804 2864 conabantur
829 2808 1259 2891 pervertere.
1282 2794 1465 2881 Quia
1490 2796 1711 2884 enim,
1752 2793 1954 2889 juxta
1987 2792 2474 2885 Salomonem,

352 2918 560 2973 erant
610 2902 833 2975 verba
877 2902 1066 2975 illius
1106 2918 1185 2975 ut
1212 2904 1493 2976 stimuli
1517 2920 1593 2975 et
1632 2906 1845 3002 quasi
1874 2902 2061 2974 clavi
2107 2906 2185 2974 ln
2249 2902 2477 2976 altum

353 3015 643 3114 defiaeif,
675 3016 1017 3114 itemque,
1055 3020 1277 3091 instar
1306 3017 1498 3091 beati
1529 3017 1695 3112 Job,
1731 3019 1858 3091 lux
1887 3018 2113 3091 vultus
2145 3018 2304 3117 ejus
2335 3046 2474 3092 non

353 3130 647 3205 cadebat
680 3134 757 3203 in
794 3150 1061 3205 terram
1081 3136 1137 3225 ⁸,
1171 3134 1437 3208 durum
1470 3135 1684 3209 nimis
1712 3134 2152 3211 aestimabant
2198 3151 2267 3208 et
2307 3136 2478 3233 rigi-

352 3244 561 3339 dum,
609 3262 684 3319 et
740 3247 945 3345 quod
996 3264 1148 3320 erat
1196 3252 1636 3339 constantiae,
1690 3252 1948 3325 feritati
2001 3250 2469 3351 deputabant.

351 3362 477 3433 His
522 3386 697 3434 vero
724 3363 849 3459 qui
885 3364 1181 3462 propius
1231 3368 1713 3459 accessissent,
1746 3370 2014 3467 quique
2041 3368 2142 3438 illi
2171 3368 2473 3440 familia-

350 3474 499 3545 rius
526 3473 1037 3571 jungebantur,
1074 3476 1286 3573 longe
1320 3477 1525 3552 aliter
1548 3480 1963 3577 apparebat.
2001 3482 2272 3550 Verum
2304 3502 2473 3549 cum

348 3604 532 3661 esset
572 3590 761 3662 circa
794 3591 1175 3664 familiares
1205 3591 1564 3667 humanus
1591 3594 1758 3666 satis
1789 3609 1860 3666 et
1875 3590 2259 3691 jocundus,
2288 3616 2474 3665 nun-

348 3724 571 3798 quam
600 3715 845 3775 tamen
875 3703 1083 3775 illum
1110 3704 1425 3777 hilaritas
1456 3705 1776 3794 resolvit,
1812 3706 1989 3776 sicut
2019 3727 2154 3776 nec
2185 3702 2470 3776 tristitia

348 3814 713 3892 demersit.
746 3822 915 3891 Erat
932 3818 1122 3892 illius
1142 3818 1466 3892 officium
1487 3817 1687 3917 quod
1709 3816 2071 3891 bonorum
2094 3833 2200 3892 est
2221 3842 2472 3918 paren-

426 4122 487 4183 1.
514 4118 615 4180 Sic
639 4119 772 4180 cod.
802 4140 941 4195 ms„
974 4132 1149 4200 atque
1170 4120 1305 4181 edd.
1337 4118 1521 4186 Felib.
1555 4132 1615 4181 et
1640 4117 1875 4181 baronis
1912 4120 1988 4180 de
2017 4118 2257 4185 Altolio.
2279 4152 2360 4166 --
2381 4124 2463 4183 Et

346 4218 541 4292 ignavi
563 4218 651 4272 vel
682 4218 870 4272 aemult'
894 4213 991 4275 ed.
1022 4214 1318 4275 Benedict.

424 4310 485 4365 2.
521 4306 706 4385 Eccl.,
735 4327 843 4383 xn,
872 4309 973 4369 11.
1029 4340 1110 4355 —
1152 4312 1212 4370 3.
1243 4305 1380 4385 Job,
1403 4326 1571 4383 xxix,
1596 4310 1696 4369 24.
