3275 5317
706 536 853 596 SUR
893 538 1035 597 SON
1072 538 1708 599 ADMINISTRATION
1745 542 2188 603 ABBATIALE.
2388 548 2416 605 1
2430 548 2504 605 83

390 671 593 745 ribus
623 672 882 746 nostris
926 670 1373 744 innotescere
1404 671 1795 771 cupienteS,
1842 676 1899 745 si
1931 672 2119 749 forte
2145 676 2278 748 Dei
2302 678 2500 750 auxi-

388 786 491 858 lio
526 785 665 859 hoc
706 788 944 885 ipsum
988 786 1059 857 in
1094 786 1349 859 melius
1401 786 1790 885 aliquando
1828 805 2070 888 posset
2104 791 2496 885 immutari,

386 902 747 976 intitulare
777 902 1204 975 curavimus.
1244 908 1438 975 Dum
1474 903 1720 977 nobile
1735 928 2036 1000 regnum
2061 910 2501 981 Francorum

384 1019 460 1090 in
504 1031 693 1090 statu
724 1016 1161 1091 monarchiae
1213 1018 1654 1111 consisteret,
1703 1020 2261 1119 circumquaque
2318 1023 2502 1095 sicut

382 1160 459 1208 se
496 1134 689 1230 regia
726 1147 1039 1232 potestas
1072 1132 1527 1225 extendebat,
1577 1160 1705 1233 per
1739 1150 1969 1209 totam
1999 1138 2199 1234 regni
2245 1151 2501 1210 tetrar-

382 1250 649 1341 chiam,
690 1248 1022 1321 videlicet
1051 1250 1125 1319 in
1159 1248 1387 1339 Italia,
1424 1250 1900 1346 Lotharingia,
1937 1252 2251 1343 Francia,
2291 1254 2500 1349 Aqui-

381 1366 597 1457 tania,
627 1363 919 1438 ecclesia
944 1363 1139 1436 beati
1170 1364 1489 1462 Dionysii
1518 1366 1795 1461 magnis
1811 1364 2196 1464 multisque
2229 1392 2500 1465 posses-

381 1480 703 1556 sionibus
731 1479 1153 1553 liberalitate
1196 1504 1451 1576 regum
1492 1479 1930 1553 abundabat.
1986 1486 2257 1555 Verum
2293 1483 2495 1581 quod

376 1598 615 1670 unitas
654 1595 1009 1669 illibatum
1066 1595 1563 1686 conservabat,
1622 1596 1850 1670 filialis
1892 1596 2149 1670 divisio
2206 1613 2281 1671 et
2332 1624 2496 1672 cor-

374 1737 711 1812 rumpere
742 1726 816 1784 et
852 1711 1249 1784 diminuere
1276 1709 1695 1786 elaboravit.
1737 1713 1924 1786 Hinc
1954 1714 2285 1812 estquod
2321 1714 2493 1789 bea-

375 1844 493 1902 tus
524 1829 905 1927 Dionysius
942 1828 1407 1924 Hecelingas¹,
1450 1826 1982 1923 HerbertingaS,
2018 1843 2089 1900 et
2127 1828 2488 1923 Salonam,

374 1961 453 2018 et
482 1944 931 2043 quamplures
946 1944 1121 2016 alias
1138 1944 1617 2043 possessiones
1641 1946 2000 2035 amittens,
2044 1942 2242 2015 villas
2277 1945 2494 2015 etiam

378 2086 539 2159 quae
594 2062 667 2132 in
707 2085 889 2159 pago
936 2060 1230 2133 Metensi
1264 2060 1601 2152 existunt,
1635 2059 1970 2132 videlicet
2001 2074 2312 2131 castrum
2341 2062 2490 2131 Go-

374 2176 707 2265 mundaS,
746 2176 1101 2267 Blistetot‚
1136 2190 1211 2248 et
1250 2174 1725 2270 CochilingaS,
1765 2173 2099 2272 perdidit.
2141 2174 2278 2245 Pro
2312 2198 2491 2271 qua-

371 2317 535 2364 rum
578 2291 1083 2365 reclamatione
1126 2314 1295 2363 cum
1347 2290 1598 2387 saepius
1641 2288 2036 2386 apostolico
2079 2289 2494 2386 conspectui

372 2411 876 2501 insisteremus,
930 2424 1091 2481 tum
1114 2429 1253 2506 pro
1290 2405 1633 2502 injustitia
1667 2428 1821 2497 sua,
1851 2419 2010 2477 tum
2042 2429 2176 2503 pro
2211 2404 2488 2477 incom-

367 2525 717 2598 moditate
760 2546 1233 2623 personarum
1278 2545 1569 2594 suarum
1622 2520 1776 2619 (qui
1821 2520 2017 2592 enim
2057 2544 2175 2592 eas
2209 2520 2485 2592 aufere-

370 2639 550 2712 bant
596 2638 784 2710 male
840 2652 911 2709 et
950 2637 1253 2735 pessime
1302 2634 1574 2733 absque
1605 2634 2047 2708 confessione
2089 2635 2490 2713 morieban-

371 2752 553 2851 tur),
582 2754 781 2850 quasi
806 2777 941 2852 pro
968 2765 1331 2826 commuta
1340 2751 1533 2823 tione
1562 2750 1807 2824 locum
1828 2752 1955 2847 qui
1975 2750 2238 2823 dicitur
2263 2751 2488 2823 Cella·

367 2893 541 2942 cum
581 2867 1014 2967 appendiciis
1059 2867 1203 2939 suis
1256 2868 1331 2937 in
1382 2868 1593 2939 cartis
1638 2866 1983 2938 Ludovici
2035 2867 2485 2964 imperatoris

366 2984 869 3076 denominatiS,
904 2983 1115 3083 plena
1145 2982 1495 3074 libertate,
1530 2981 1746 3054 beato
1777 2983 2119 3079 Dionysio
2148 2983 2479 3070 contulit,

364 3099 492 3173 ubi
524 3100 777 3173 fratres
811 3115 1096 3173 nostros
1138 3098 1234 3172 ad
1292 3097 1750 3171 serviendum
1795 3102 1975 3189 Dec,
2030 3099 2103 3170 in
2150 3122 2273 3196 spe
2315 3124 2480 3193 aug-

359 3217 819 3289 mentationis
849 3230 921 3288 et
953 3215 1398 3289 succedentis
1438 3214 2018 3312 recuperationis,
2053 3213 2472 3287 locavimus,

940 3442 1153 3511 XXII.
1198 3444 1307 3511 De
1338 3441 1554 3513 Calvo
1574 3446 1820 3514 Monte
1839 3444 1892 3515 ⁸.

458 3643 845 3716 Ecclesiam
912 3668 1205 3742 quoque
1258 3646 1495 3718 Sancti
1576 3646 1769 3717 Petri
1831 3646 1907 3715 in
1965 3656 2198 3715 castro
2256 3642 2477 3717 Calvo

358 3760 637 3831 Monte⁸
674 3760 909 3852 sitam,
962 3775 1111 3831 tam
1153 3758 1518 3832 abbatiam
1562 3784 1784 3857 quam
1835 3759 2022 3856 ipsas
2056 3760 2466 3853 canonicas,
2592 3788 2598 3795 ·

440 3978 470 4035 1
486 4020 501 4035 .
524 3980 870 4053 Herelingas
886 3975 1099 4035 Chesn.
1124 3976 1222 4035 ed.
1251 3978 1341 4033 De
1369 3973 1459 4033 his
1478 3974 1656 4047 villis,
1681 3977 1750 4033 V.
1783 3972 1934 4032 infra
1955 3972 2017 4033 in
2037 3973 2348 4037 Observat-

436 4070 499 4129 2.
540 4069 837 4129 Prioratus
855 4068 1047 4145 Cellae,
1066 4068 1129 4127 in
1152 4068 1397 4128 Metensi
1418 4066 1678 4128 dioecesi.

438 4164 497 4221 3.
537 4163 705 4221 Nunc
727 4161 901 4221 etiam
926 4162 1551 4220 Ckaumont-en-Vexin
1580 4160 1794 4241 (Oise).

434 4258 497 4321 4.
534 4261 615 4317 In
641 4268 825 4316 castro
857 4260 1025 4319 Calvo
1037 4255 1381 4322 Montecod.
1405 4274 1601 4319 mS.—
1623 4260 1702 4315 In
1726 4258 1896 4318 Calvo
1909 4258 2107 4316 Monte
2127 4254 2223 4318 cd.
2253 4254 2468 4319 Chesn.
