3275 5317
832 542 949 597 218
1268 530 1605 590 ossuvasss
1646 512 2075 588 comannis
2115 528 2214 585 DE
2255 526 2524 587 suom.

828 688 901 745 et
932 668 1103 741 inde
1132 665 1475 763 gemelliS,
1512 687 1647 735 nec
1676 662 1862 752 altis,
1893 685 2025 733 nec
2058 659 2242 757 aptis
2275 659 2620 751 multum,
2653 663 2783 735 sed
2810 664 2940 735 mi-

828 783 1166 858 nantibus
1192 781 1500 867 ruinam‚
1522 778 1848 852 turribus
1879 776 2299 872 angebatur,
2332 799 2416 847 ea
2441 776 2518 847 in
2535 792 2736 873 parte
2770 778 2939 851 inito

828 902 1116 974 directae
1161 894 1593 970 testitudinis
1651 908 1723 965 et
1771 893 2219 988 geminarum
2283 893 2590 963 turrium
2643 893 2940 966 robusto

826 1017 1036 1090 valde
1055 1013 1529 1087 fundamento
1552 1010 1935 1099 materiali,
1962 1007 2456 1081 robustissimo
2476 1024 2722 1081 autem
2735 1012 2938 1107 spiri-

828 1131 1025 1223 tuali,
1055 1129 1147 1201 de
1165 1154 1313 1228 quo
1337 1127 1601 1200 dicitur
1633 1154 1651 1197 ε
1677 1124 2248 1197 Fundamentum
2269 1124 2472 1196 aliud
2498 1150 2705 1197 nemo
2717 1144 2946 1223 potest

814 1273 1089 1345 ponere
1128 1262 1400 1343 praeter·
1462 1242 1541 1314 id
1580 1240 1774 1342 quod
1807 1244 2122 1338 positum
2167 1256 2300 1329 est,
2355 1238 2550 1339 quod
2587 1258 2702 1313 est
2751 1242 2941 1313 Chre-

822 1380 977 1435 stus
1000 1368 1205 1435 lesm-
1232 1364 1279 1451 ¹,
1311 1360 1644 1433 laborare
1687 1372 1974 1429 strenue
1997 1360 2153 1429 Deo
2184 1371 2618 1454 cooperante
2649 1357 2939 1457 incoepi-

826 1504 989 1551 mus
1018 1480 1063 1548 ².
1102 1477 1319 1574 Cujus
1350 1473 1826 1548 inaaetimabili
1849 1472 2010 1545 freti
2047 1472 2341 1544 consilio
2373 1486 2447 1543 et
2485 1473 2940 1571 irrefragabili

826 1592 1115 1685 auxilio,
1152 1616 1379 1689 usque
1414 1589 1596 1663 adeo
1624 1591 1702 1661 in
1731 1603 1933 1661 tanto
1966 1602 2258 1685 tamque
2282 1602 2706 1685 sumptuoso
2729 1614 2940 1687 opere

824 1708 1288 1808 profecimuS,
1316 1722 1423 1795 ut,
1453 1731 1623 1778 cum
1649 1706 1964 1802 primum
1997 1727 2224 1800 pauca
2253 1702 2728 1801 expendendo
2761 1706 2938 1776 mul-

824 1825 941 1913 tis,
964 1822 1219 1894 exinde
1234 1822 1463 1893 multa
1486 1818 1842 1918 explendo
1865 1817 2078 1889 nullis
2113 1819 2412 1890 omnino
2430 1817 2938 1913 indigeremus,

826 1959 1075 2006 verum
1136 1933 1349 2003 etiam
1408 1928 1903 2004 habundantio
1960 1927 2352 2001 fateremur
2421 1957 2438 2000 ε
2494 1932 2940 2029 Sufficientia

826 2064 1077 2119 nostra
1118 2072 1209 2116 ex
1242 2051 1393 2117 Deo
1430 2061 1542 2117 est
1564 2048 1612 2119 ⁸.
1651 2044 1960 2115 Materiae
1984 2057 2228 2115 autem
2259 2042 2714 2115 validissima}
2762 2069 2938 2117 nova

826 2162 1209 2261 quadraria
1253 2160 1483 2259 qualis
1520 2174 1592 2231 et
1630 2174 1897 2257 quanta
1932 2183 2306 2257 nunquam
2343 2158 2421 2230 in
2448 2158 2776 2258 partibus
2800 2161 2938 2233 istis

824 2281 1113 2352 inventa
1128 2278 1382 2370 fuerat,
1408 2281 1562 2349 Deo
1582 2276 1924 2367 donante,
1938 2276 2273 2348 occurrit.
2297 2277 2931 2368 cementariorum,

822 2396 1341 2485 lathomorum,
1378 2392 1856 2491 sculptorum,
1887 2408 1961 2464 et
1978 2392 2288 2463 aliorum
2307 2394 2808 2491 operariorum
2837 2418 2936 2465 so-

824 2511 960 2584 lers
991 2509 1419 2583 succedebat
1444 2508 1866 2604 frequentia,
1911 2524 1993 2579 ut
2023 2532 2108 2581 ex
2133 2507 2276 2580 hoc
2310 2524 2384 2581 et
2411 2507 2566 2579 aliis
2597 2510 2938 2581 Divinitas

822 2628 915 2699 ab
969 2626 1113 2697 hoc
1156 2625 1355 2723 quod
1402 2625 1838 2697 timebamus
1881 2623 2282 2696 absolveret
2301 2676 2324 2715 ,
2375 2639 2448 2696 et
2499 2621 2936 2695 voluntatem

822 2768 1025 2815 suam
1078 2740 1288 2813 nobis
1354 2740 1835 2813 confortando
1884 2756 1958 2812 et
1997 2726 2362 2838 inopinata
2415 2740 2936 2838 suppeditando

822 2862 1274 2933 ministraret.
1320 2859 1796 2931 Conferebam
1833 2858 1924 2931 de
1947 2858 2265 2930 minimis
2297 2858 2393 2932 ad
2417 2859 2757 2950 maxima,
2799 2884 2935 2930 non

820 2976 984 3075 plus
1034 2976 1572 3048 Salomonianas
1618 2998 1791 3073 opes
1850 2974 2121 3072 templo
2166 2999 2382 3072 quam
2444 2990 2729 3047 nostras
2777 2974 2936 3046 huic

820 3092 1022 3187 operi
1054 3090 1376 3161 sufficere
1406 3114 1640 3187 posse,
1674 3090 1808 3161 nisi
1839 3089 2035 3161 idem
2066 3088 2388 3186 ejusdem
2420 3091 2662 3189 operis
2693 3105 2934 3162 auctor

819 3203 1418 3277 ministratoribus
1447 3206 1737 3304 copiose
1768 3218 2222 3304 praepararet.
2251 3204 2598 3277 Identitas
2628 3205 2933 3279 auctoris

818 3336 889 3393 et
931 3320 1165 3417 operis
1193 3320 1690 3393 sufficientiam
1724 3320 1890 3393 facit
1925 3323 2312 3419 operantis

912 3440 994 3507 In
1026 3434 1314 3531 agendis
1346 3434 1700 3534 siquidem
1731 3437 2171 3534 hujusmodi,
2203 3440 2528 3537 apprime
2553 3437 2654 3510 de
2675 3462 2928 3510 conve·

810 3552 1077 3624 nientia
1107 3566 1179 3624 et
1205 3551 1631 3625 cohaerentia
1670 3554 1942 3651 antiqui
1995 3569 2067 3625 et
2104 3555 2273 3626 novi
2325 3556 2557 3653 operis
2599 3553 2928 3627 sollicitus

810 3667 1006 3741 unde
1037 3692 1470 3742 marmoreas
1496 3684 1623 3741 aut
1664 3671 2089 3742 marmoreis
2119 3672 2656 3770 aequipollentes
2707 3670 2926 3743 habe-

890 3978 952 4035 1.
987 3975 1153 4035 Pauli
1184 3988 1367 4055 apost.
1400 3978 1429 4033 1
1463 3977 1541 4036 ad
1567 3978 1732 4051 Cor„
1765 3998 1853 4053 111,
1897 3980 1996 4037 11.

890 4072 953 4128 2.
982 4069 1070 4130 Cf.
1116 4068 1331 4129 librum
1375 4070 1600 4147 Sugerii
1640 4076 1728 4129 De
1765 4072 1928 4131 rebus
1957 4079 2017 4130 in
2055 4076 2550 4135 administratione
2581 4082 2694 4134 sua
2727 4078 2918 4155 gestis,

816 4181 946 4241 cap.
976 4182 1121 4222 xxv.

891 4260 950 4316 3.
978 4255 1140 4316 Pauli
1174 4266 1361 4337 apost.
1392 4258 1429 4315 2
1456 4256 1532 4315 ad
1562 4258 1727 4329 Cor„
1761 4278 1858 4339 111,
1893 4262 1954 4321 5.
