3275 5317
929 720 1043 779 196
1361 714 1691 773 oeuvnss
1730 689 2156 771 comesi-:res
2193 712 2296 769 me:
2335 710 2602 772 suom.

922 851 1229 922 aliarum
1250 869 1698 943 gemmarum
1731 860 1806 917 et
1837 844 2192 919 unionum
2223 846 2504 943 copiam
2531 840 2623 915 ad
2661 840 3045 940 perfectio-

920 990 1091 1038 nem
1122 979 1270 1037 tam
1303 962 1527 1036 sancti
1557 960 1964 1035 ornamenti
1993 960 2482 1059 apposuimus.
2519 962 2626 1030 De
2659 982 2841 1029 auro
2870 982 3046 1031 vero

920 1080 1200 1172 obrizo,
1236 1078 1520 1151 circiter
1562 1092 1818 1176 quater
1845 1076 2095 1173 viginti
2117 1100 2394 1149 marcas
2417 1099 2554 1148 nos
2591 1075 2940 1173 posuisse,
2989 1072 3046 1145 si

916 1195 1105 1269 bene
1124 1194 1987 1287 recordor‚meminimus.
2017 1192 2282 1266 Pedem
2307 1217 2478 1266 vero
2489 1206 2798 1290 quatuor
2809 1195 3046 1263 Evan-

918 1310 1182 1408 gelistis
1231 1324 1606 1408 comptum
1632 1362 1653 1399 ,
1709 1324 1783 1381 et
1833 1309 2246 1381 columnam
2301 1308 2420 1381 cui
2477 1320 2718 1380 sancta
2783 1304 3046 1379 insidet

918 1428 1183 1523 imag0,
1238 1426 1709 1499 subtilissimo
1761 1449 1981 1523 opere
2035 1426 2424 1499 smaltitam
2443 1482 2465 1517 ,
2531 1440 2606 1497 et
2655 1424 3046 1497 Salvatoris

918 1540 1292 1615 historiam
1323 1566 1493 1613 cum
1522 1541 1829 1637 antiquae
1859 1539 2032 1637 legis
2079 1540 2576 1637 allegoriarum
2617 1540 3042 1615 testimoniis

918 1656 1324 1754 designatiS,
1360 1672 1432 1729 et
1448 1655 1779 1755 capitello
1799 1657 2168 1754 superiore
2197 1671 2512 1730 mortem
2543 1657 2842 1729 Domini
2873 1682 3042 1730 cum

915 1774 1059 1845 suis
1088 1771 1515 1869 imaginibus
1536 1772 1986 1865 ammirante,
2023 1796 2152 1871 per
2180 1770 2423 1870 plures
2459 1770 2865 1844 aurifabros
2901 1776 3036 1845 Lo-

915 1889 1310 1986 tharingoS,
1324 1887 1762 1987 quandoque
1780 1889 2129 1987 quinque,
2141 1886 2581 1985 quandoque
2603 1889 3036 1987 septem,vix

912 2002 1203 2077 duobus
1235 2004 1439 2076 annis
1465 2003 1855 2102 perfectam
1876 2004 2146 2076 habere
2166 2003 2557 2101 potuimus.
2595 2004 2802 2075 Tanti
2825 2002 3034 2099 igitur

912 2133 983 2191 et
1026 2134 1171 2191 tam
1198 2120 1420 2192 sancti
1450 2119 1906 2191 instrumenti
1952 2135 2287 2192 ornatum
2326 2119 2538 2191 altius
2563 2117 2926 2191 honorare
2967 2134 3032 2192 et

914 2232 1222 2307 exaltare
1288 2232 1776 2307 misericordia
1844 2234 2224 2308 Salvatoris
2287 2234 2513 2306 nostri
2585 2232 3024 2323 accelerans,

916 2347 1270 2422 domnum
1302 2374 1566 2449 papam
1601 2350 1997 2445 Eugenium
2031 2348 2127 2424 ad
2158 2348 2673 2422 celebrandum
2711 2364 3030 2421 sanctum

913 2464 1179 2537 Pascha
1197 2519 1217 2556 ,
1256 2464 1437 2537 sicut
1476 2490 1637 2537 mos
1668 2481 1776 2538 est
1813 2466 2157 2537 Romanis
2185 2463 2650 2563 pontificibus
2683 2464 2758 2535 in
2789 2464 3029 2538 Galliis

911 2578 1457 2653 demorantibus
1476 2634 1497 2671 ,
1549 2578 1648 2652 ob
1681 2580 2033 2654 honorem
2087 2580 2312 2653 sancti
2362 2578 2801 2679 apostolatus
2845 2578 3026 2652 beati

910 2694 1259 2793 Dionysii,
1296 2695 1497 2794 quod
1536 2696 1756 2770 etiam
1797 2696 1888 2770 de
1937 2695 2209 2770 Calixto
2252 2710 2325 2767 et
2371 2696 2798 2769 Innocentio
2851 2696 3026 2768 illius

908 2810 1543 2911 praedecessoribus
1576 2812 1913 2904 vidimuS,
1941 2809 2034 2884 ad
2053 2836 2188 2884 nos
2204 2810 2535 2883 adduxit:
2561 2811 2690 2909 qui
2717 2810 3020 2883 eundem

890 2926 1333 3017 ,crucifixum
1382 2950 1465 2999 ea
1527 2926 1646 2999 die
1695 2927 2086 2999 solenniter
2133 2927 2597 2999 consecravit.
2655 2930 2763 2999 De
2797 2924 3018 2999 titulo

908 3064 1092 3112 verae
1146 3042 1379 3114 crucis
1433 3042 1767 3135 Domini,
1831 3047 2022 3138 quae¹
2075 3066 2370 3116 omnem
2421 3057 2496 3114 et
2562 3041 3022 3114 universalem

908 3154 1181 3229 excedit
1216 3158 1666 3252 margaritam
1686 3212 1705 3249 ,
1749 3156 1841 3230 de
1886 3157 2154 3256 capella
2195 3182 2320 3231 sua
2360 3158 2772 3256 portionem
2819 3158 2894 3228 in
2937 3181 3018 3229 eo

910 3272 1322 3368 assignavit3
1353 3274 1643 3373 publice
1686 3300 1932 3348 coram
1962 3274 2325 3365 omnibus»,
2377 3276 2818 3374 quicumque
2861 3274 3024 3349 inde

910 3385 1185 3485 aliquid
1234 3404 1593 3488 raperent,
1629 3392 2069 3489 quicumque
2102 3414 2275 3463 ausu
2323 3392 2704 3463 temerario
2741 3391 2820 3463 in
2861 3414 3026 3463 eum

911 3527 1212 3578 manum
1244 3504 1616 3597 inferrent,
1647 3531 1994 3580 mucrone
2024 3506 2217 3581 beati
2254 3508 2442 3579 Petri
2485 3523 2558 3581 et
2591 3506 2829 3603 gladio
2863 3506 3026 3606 spi-

906 3618 1087 3692 ritus
1118 3622 1339 3693 sancti
1360 3623 2004 3697 anathematizavit.
2029 3626 2174 3695 Nos
2183 3640 2424 3696 autem
2442 3621 2636 3696 idem
2649 3620 3024 3696 anathema

906 3733 1201 3807 inferius
1228 3737 1302 3809 in
1336 3756 1549 3810 cruce
1579 3738 1921 3811 intitulari
1950 3739 2276 3812 secimuS.

1006 3854 1321 3924 xxxm.
1363 3854 1756 3952 Principale
1785 3856 1999 3951 igitur
2030 3853 2222 3927 beati
2271 3856 2590 3954 Dionysii
2619 3855 2868 3945 altare,
2911 3856 3026 3927 cui

907 3977 1192 4037 tantum
1255 3970 1575 4041 anterior
1633 3971 1879 4043 tabula
1928 3995 1970 4041 a
2023 3971 2290 4044 Karolo
2339 3972 2556 4045 Calvo
2599 3972 3028 4070 imperatore

905 4081 1114 4152 tertio
1150 4083 1467 4179 speciosa
1499 4098 1571 4156 et
1610 4086 1926 4183 preciosa
1974 4084 2401 4179 habebatur,
2441 4088 2609 4185 quia
2649 4086 2888 4161 eidem
2935 4084 3024 4159 ad

906 4196 1385 4271 monasticum
1436 4201 1889 4298 propositum
1926 4201 2150 4276 oblati
2193 4202 2482 4300 fuimus,
2543 4218 2880 4278 ornatum
2941 4201 3024 4276 iri

993 4428 1051 4488 1.
1086 4432 1221 4505 Qui,
1252 4432 1544 4506 mendose,
1575 4434 1717 4497 edit.
1741 4434 1950 4497 chesn.
