3275 5317
1751 267 1873 323 vll-3
1913 268 2013 323 DE
2055 268 2332 327 SUGER.

973 396 1151 491 elegi
1184 410 1574 495 utcumque
1630 394 1966 489 scribere,
2010 422 2231 495 quam
2265 398 2528 494 ingratit

972 510 1317 609 gligentiae
1347 526 1595 585 notam
1630 513 2017 583 incurrere.
2057 512 2131 584 Si
2162 513 2276 584 cui
2307 512 2500 585 visus

974 628 1398 701 meritorum
1430 653 1656 726 pauca
1699 629 2084 726 scripsisse,
2119 630 2384 726 cogitet
2418 654 2534 701 me

974 742 1343 815 modernis
1399 743 1837 816 consuluisse
1899 744 2312 817 lectoribus.
2359 744 2502 832 Qui

976 858 1190 930 fuerit
1220 857 1521 931 modum
1554 884 1674 932 me
1724 860 1798 931 in
1851 860 2232 932 scribendo
2264 860 2534 933 excessi·

972 973 1171 1047 idem
1200 975 1483 1072 scripsit
1514 990 1708 1069 gesta
1737 975 1956 1071 regia,
1985 974 2196 1069 legat,
2221 976 2277 1045 si
2311 974 2536 1066 libet„

974 1088 1080 1161 illi
1114 1088 1295 1161 orbe
1332 1089 1631 1181 directa,
1667 1105 1738 1161 et
1767 1105 2148 1187 cognoscet
2181 1090 2390 1187 longe
2423 1092 2536 1163 cit1

974 1205 1297 1277 nentiam
1322 1229 1441 1276 me
1475 1204 1761 1277 desisse.
1803 1204 1970 1276 Sola
2009 1229 2128 1276 me
2181 1206 2453 1278 aestimo
2491 1206 2540 1277 fu

972 1320 1177 1411 cisse,
1206 1320 1279 1391 in
1318 1319 1577 1417 quibus
1597 1319 1926 1393 celsiores
1957 1319 2347 1417 aliquando
2373 1346 2538 1417 surg

972 1438 1057 1507 In
1082 1436 1259 1509 silva
1291 1433 1619 1509 densiore
1667 1436 2052 1509 informem
2089 1452 2160 1510 et
2195 1436 2540 1511 modican:

972 1553 1189 1643 riem,
1226 1552 1617 1625 electorum
1665 1551 2025 1624 artificum
2053 1552 2386 1625 manibus
2418 1555 2542 1627 for.

974 1692 1122 1765 que
1148 1681 1660 1766 suscepturam.

1074 1782 1365 1880 Reliqua
1398 1807 1556 1881 quae
1592 1781 1688 1853 ad
1723 1783 1874 1879 ejus
1913 1798 2234 1881 spectant
2264 1785 2538 1857 transiu

973 1899 1165 1972 riose
1234 1898 1499 1971 scilicet
1556 1898 1916 1971 transierit
1975 1900 2100 1996 qui
2167 1914 2316 1971 tam
2379 1900 2538 1973 laud

975 2038 1198 2113 quam
1230 2013 1617 2086 laudabiles
1663 2013 1926 2086 fuerint
1957 2016 2292 2112 exequiae,
2330 2040 2536 2113 quam

974 2154 1169 2203 sonae
1254 2130 1712 2201 interfuerint
1789 2128 2192 2225 sepulturae,
2248 2130 2534 2227 epistola

975 2258 1270 2341 rogante
1297 2244 1389 2315 de
1414 2246 1565 2339 ejus
1588 2267 1873 2315 excessu
1897 2243 2118 2333 edidi,
2137 2244 2318 2316 scire
2343 2246 2550 2342 cupit·

974 2355 1331 2429 ostendet.
1374 2355 1729 2452 Denique,
1785 2378 1831 2425 o
1889 2353 2172 2426 felicem
2227 2369 2323 2445 te,
2371 2356 2550 2427 felic*

972 2496 1125 2563 me,
1158 2471 1421 2569 quibus
1456 2470 1705 2542 datum
1745 2470 1839 2541 sit
1891 2484 1966 2541 et
2021 2470 2188 2543 vivo
2219 2485 2292 2542 et
2335 2486 2552 2542 mort11

975 2610 1295 2684 quorum
1364 2584 1700 2657 manibus
1763 2584 2078 2682 pretiosa
2131 2586 2284 2681 jam
2349 2610 2549 2657 exan.

977 2716 1152 2775 sunt
1197 2700 1431 2772 infusa
1483 2699 1842 2772 balsama!
1900 2704 2131 2792 Nunc,
2171 2701 2366 2797 quod
2405 2718 2552 2801 opt}

976 2816 1259 2889 utinam
1286 2818 1515 2888 nostri
1542 2839 1822 2888 memor
1852 2816 1944 2888 sit
1984 2831 2054 2887 et
2097 2840 2235 2914 pro
2260 2817 2472 2889 nobis
2519 2844 2552 2887 ⁴1

978 2957 1151 3006 cum
1186 2956 1393 3004 orare
1440 2946 1934 3023 consueverat,
1971 2947 2051 3003 ut
2073 2932 2274 3028 cujus
2325 2933 2552 3005 convi=

980 3072 1173 3139 mm,
1202 3047 1649 3119 orationibus
1691 3048 2106 3121 fulciamur!
2141 3052 2233 3120 Et
2259 3045 2551 3147 quiden.

980 3165 1215 3252 novi¹‚
1269 3165 1371 3237 ita
1410 3180 1492 3235 ut
1543 3188 1738 3235 nunc
1791 3178 1897 3235 est
1935 3164 2212 3237 aeternis
2257 3164 2552 3236 immin!

980 3280 1297 3351 nominis
1322 3278 1639 3353 officium
1671 3280 1969 3379 implere
1995 3305 2146 3352 non
2181 3279 2460 3352 desinit.
2494 3284 2551 3348 Γ

980 3420 1151 3469 cum
1184 3393 1421 3467 adhuc
1454 3397 1730 3492 positus
1767 3396 2178 3495 principum
2201 3392 2552 3464 celsitudi:

981 3509 1432 3608 suggerebat,
1476 3535 1673 3583 nunc
1708 3533 1998 3607 quoque
2058 3530 2194 3605 pro
2250 3504 2518 3576 devotis

980 3626 1399 3725 conspectui
1443 3626 1853 3699 Divinitatis
1895 3620 2343 3719 suggerendo
2393 3622 2518 3716 Sug
2547 3646 2552 3715 ς

1070 3900 1127 3956 1.
1161 3900 1303 3957 Nova·
1332 3894 1465 3956 cod.
1502 3914 1608 3955 ms.
1657 3906 1716 3953 et
1747 3892 1843 3953 ed.
1885 3888 2118 3952 baronis
2143 3888 2218 3953 de
2257 3888 2490 3951 Altolio.
2547 3926 2552 3935 -

986 3989 1165 4051 biani.
1194 4020 1274 4037 -—
1304 3990 1471 4049 Notis
1501 3988 1596 4049 ed.
1626 3985 1842 4048 Bened.
