3275 5317
662 568 807 626 sUR
846 566 990 627 SON
1028 566 1660 635 ADMINISTRATION
1701 566 2135 626 ABBATIALE.
2339 570 2442 629 {81

338 719 485 776 tres
537 726 702 774 cum
744 699 987 798 priore
1020 723 1154 770 suo
1195 697 1725 790 constituimuS,
1772 696 2190 789 claustrum,
2223 699 2449 773 refec-

336 817 633 909 torium,
675 815 1209 907 dormitorium,
1260 826 1681 910 ceterasque
1729 811 2053 884 officinas
2097 814 2452 909 regulares

332 932 795 1005 extruximus.
842 929 1228 1003 Ecclesiam
1256 928 1722 1020 ornamentis,
1767 926 2322 1001 sacerdotalibus
2344 932 2452 1002 in-

333 1043 736 1136 dumentis,
772 1044 1003 1142 palliis
1041 1058 1115 1115 et
1139 1042 1536 1143 'palliorum
1568 1042 1812 1141 cappis
1862 1042 2195 1115 decenter
2223 1043 2446 1142 adap-

330 1161 663 1233 tavimus.
684 1164 939 1231 Textus
974 1158 1188 1250 duos,
1210 1157 1539 1230 videlicet
1565 1146 1946 1254 antiquum
1971 1172 2247 1231 textum
2267 1162 2448 1232 coti-

330 1272 629 1347 dianum
683 1290 755 1348 et
813 1272 1171 1370 gradalem
1235 1270 1473 1344 Karoli
1538 1273 1994 1372 imperatoris
2016 1328 2036 1363 ,
2098 1296 2139 1344 a
2217 1290 2448 1348 matre

328 1389 626 1462 ecclesia
651 1390 825 1461 illuc
858 1387 1121 1460 deferri
1152 1387 1475 1460 fecimus.
1520 1386 2036 1460 Bibliothecam
2068 1388 2446 1462 honestam

329 1502 559 1575 tribus
592 1485 1083 1576 voluminibus
1100 1502 1495 1599 posuimus·
1529 1506 1675 1574 Nec
1701 1502 1939 1574 minus
1971 1503 2160 1575 circa
2175 1505 2446 1577 victua-

324 1618 421 1690 lia
470 1619 773 1691 fratrum
814 1618 1132 1709 solliciti,
1175 1617 1353 1690 duas
1406 1640 1741 1690 carrucas
1789 1618 1862 1687 in
1918 1618 2214 1716 propria
2258 1632 2446 1692 terra

322 1759 553 1833 prope
593 1734 837 1806 locum
877 1732 1297 1806 locavimus.
1357 1733 1698 1806 Clausum
1761 1734 2133 1805 vinearum
2193 1749 2444 1834 aptum

320 1874 598 1946 magnae
650 1848 953 1922 abbatiae
1000 1863 1073 1921 et
1126 1846 1312 1923 hene
1353 1849 1716 1922 valentem
1772 1850 1874 1921 eis
1933 1850 2436 1948 plantavimuS,

318 1967 699 2037 vinearum
725 1965 1004 2064 copiam
1042 1966 1286 2037 multis
1318 1964 1556 2038 modis
1593 1965 2134 2063 adquisivimus,
2169 1970 2440 2041 Torcu-

321 2080 505 2153 laria
535 2096 840 2178 quatuor
866 2106 1087 2179 penes
1114 2104 1215 2172 se,
1260 2081 1336 2151 in
1371 2082 1669 2180 proprio
1714 2079 1862 2152 fere
1908 2096 2166 2177 quater
2199 2082 2440 2177 viginti

318 2194 608 2268 modios
648 2195 796 2267 vini
828 2196 1161 2287 valentia,
1196 2194 1463 2294 absque
1499 2210 1795 2293 sumptu
1827 2196 2070 2293 aliquo
2103 2196 2240 2292 ipsi
2278 2196 2442 2268 loco

313 2306 853 2399 aedificavimus,
887 2331 1114 2405 usque
1170 2306 1353 2379 adeo
1401 2307 1493 2378 de
1529 2306 1735 2404 copia
1785 2307 1887 2379 eis
1933 2304 2396 2403 providentes
2415 2361 2438 2399 ,

316 2438 401 2495 ut
463 2423 901 2522 quandoque
965 2422 1319 2495 ducentos
1376 2422 1926 2519 quinquaginta,
1994 2420 2436 2519 quandoque

315 2553 679 2611 trecentos
736 2536 1022 2609 modios
1078 2538 1223 2609 vini
1271 2538 1462 2633 large
1516 2536 1893 2634 recipiant.
1958 2540 2164 2607 Prata
2222 2538 2440 2609 etiam

310 2652 759 2725 sufficienter
786 2652 858 2721 in
895 2652 1201 2750 propriis
1232 2649 1613 2749 cespitibus
1647 2650 2073 2723 circumfodi
2098 2650 2432 2740 fecimus;

308 2766 574 2838 hortos
622 2766 791 2838 satis
828 2765 1105 2839 habiles
1133 2766 1676 2865 pulmentorum
1707 2764 2100 2837 seminibus
2145 2769 2308 2838 satis
2333 2766 2440 2837 fe·

310 2881 573 2954 cimus,
631 2884 801 2953 Erat
857 2895 1098 2953 autem
1151 2880 1475 2978 quasdam
1525 2878 1750 2952 altera
1797 2879 1990 2952 beati
2039 2880 2360 2979 Dionysii
2393 2906 2438 2952 a

308 2997 561 3069 multis
602 2996 753 3094 jam
807 2994 1249 3095 temporibus
1302 2995 1665 3086 destituta,
1723 3009 1796 3067 et
1849 2996 1922 3067 in
1975 2995 2434 3069 solitudinem

313 3109 639 3203 redacta,
690 3136 837 3184 uno
895 3112 1114 3184 etiam
1161 3135 1411 3184 carens
1464 3112 1775 3202 cultore,
1830 3136 1986 3209 quae
2042 3110 2337 3185 forsitan
2390 3138 2434 3185 a

310 3226 563 3300 vicinis
592 3228 775 3300 villis
804 3227 1040 3299 alieno
1065 3226 1344 3300 cultore
1372 3251 1672 3299 annonae
1691 3226 2017 3300 modium
2043 3242 2166 3299 aut
2195 3229 2432 3300 minus

312 3341 620 3416 reddere
667 3357 1207 3435 consueverant,
1260 3357 1385 3414 aut
1430 3342 1615 3413 duos
1659 3356 1780 3415 aut
1823 3356 1966 3414 tres
2000 3342 2090 3416 de
2125 3342 2432 3414 nucibus

314 3458 677 3549 sextarioS,
716 3459 792 3530 in
817 3484 957 3556 qua
989 3474 1135 3531 tres
1166 3482 1493 3530 carrucas
1523 3458 1597 3529 in
1635 3459 1832 3530 curia
1864 3481 2078 3547 nova,
2118 3470 2190 3527 et
2221 3480 2430 3551 gran-

315 3570 551 3644 chiam
578 3598 844 3646 novam
876 3574 977 3646 eis
1012 3574 1471 3646 instituimus.
1508 3577 1699 3645 Oves
1735 3588 1807 3645 et
1835 3596 2084 3644 vaccas
2116 3584 2190 3641 et
2205 3569 2431 3643 nutri-

313 3701 554 3759 turam
584 3688 677 3761 ad
705 3714 885 3788 opus
921 3714 1202 3783 eorum,
1233 3704 1527 3788 propter
1560 3710 1994 3787 pascuorum
2025 3680 2428 3758 ubertatem

313 3818 389 3874 et
416 3816 767 3876 terrarum
810 3804 1411 3893 emendationem,
1437 3802 1710 3875 ibidem
1742 3801 2157 3873 locavimus.
2204 3800 2431 3875 Aliam

312 3918 531 3989 etiam
573 3918 764 3993 beati
810 3920 1131 4018 Dionysii
1181 3920 1702 4019 possessionem
1746 3940 1974 4015 prope
2007 3920 2425 4008 Brunetum,

312 4057 399 4104 ex
434 4057 575 4132 qua
620 4060 801 4133 saepe
849 4034 1100 4109 decem
1142 4036 1428 4108 modios
1478 4057 1804 4123 annonae,
1843 4046 1913 4104 et
1949 4032 2096 4103 vini
2127 4031 2275 4105 fere
2310 4032 2432 4105 de-

312 4172 503 4241 cem,
539 4165 611 4222 et
626 4150 904 4223 foenum
934 4150 1201 4249 pabulo
1221 4152 1715 4248 jumentorum
1735 4148 2114 4247 recipiunt,
2143 4147 2234 4219 de
2257 4172 2426 4245 pro-

312 4265 477 4361 prio
524 4262 1018 4361 obligavimus
1078 4272 1187 4338 De
1247 4264 1665 4339 molendino
1717 4264 1934 4336 etiam
1988 4263 2430 4357 a-sexaginta
