3275 5317
1258 574 1598 635 amns,
2376 581 2483 638 271

473 707 654 777 Sane
686 704 779 777 de
802 705 1305 779 benedictione
1338 706 1575 780 electi¹
1613 704 1983 779 dilectioni
2014 720 2260 781 vestrae
2287 707 2496 805 signi-

374 818 671 893 ficamus
698 823 1060 919 quatinuS‚
1108 822 1167 893 si
1208 822 1360 894 sine
1404 846 1660 919 magno
1693 820 2030 893 scandalo
2068 820 2222 895 fieri
2258 836 2495 920 potest
2619 896 2631 907 ,

380 936 639 1033 (solent
677 939 870 1011 enim
910 938 1238 1011 canonici
1281 939 1356 1010 in
1403 939 1584 1011 festo
1624 939 1848 1011 sancti
1894 938 2236 1011 Cornelii’
2272 942 2496 1039 magis

372 1076 593 1150 quam
628 1054 703 1127 in
729 1069 885 1127 toto
916 1079 1107 1127 anno
1140 1055 1582 1151 convenire),
1632 1055 1707 1125 in
1739 1054 1894 1153 ipsa
1925 1053 2300 1127 festivitate
2331 1069 2494 1129 ante

376 1168 595 1241 altare
642 1170 919 1269 praefati
960 1171 1287 1268 martyris
1327 1194 1494 1243 eum
1541 1171 2006 1263 benedicatis,
2055 1187 2136 1243 ut
2176 1170 2306 1243 has
2353 1174 2495 1271 pri-

374 1284 609 1357 mitias
644 1284 913 1357 laboris
944 1286 1157 1359 vestri
1189 1286 1565 1359 offerendo
1592 1301 1872 1359 aeternae
1902 1288 2495 1360 remunerationis

376 1399 688 1473 fructum
720 1399 821 1473 ab
856 1403 1345 1501 omnipotente
1385 1405 1537 1474 Deo
1574 1402 1952 1500 recipiatis,
1997 1402 2214 1490 Quod
2254 1403 2313 1473 si
2343 1404 2495 1474 sine

375 1540 637 1613 magno
686 1517 1021 1591 seandalo
1066 1518 1224 1591 fieri
1280 1542 1429 1590 non
1476 1532 1748 1616 potest,
1797 1518 2082 1591 instanti
2131 1517 2496 1591 dominica

381 1646 467 1704 ut
488 1632 803 1733 idipsum
826 1632 1184 1733 impleatis
1206 1637 1594 1733 rogamus⁸.

866 2022 982 2071 ΣΧ.
1042 2022 1135 2069 ΔΙ)
1190 2020 1557 2073 Euenum!
1606 2022 1685 2071 111
1735 2022 1999 2071 PAPAM.

382 2286 561 2359 Suger
594 2282 739 2338 tend
759 2296 971 2357 compte
992 2303 1070 2339 au
1100 2302 1257 2359 pape
1297 2284 1370 2340 de
1407 2278 1744 2340 l'exe‘catt'on
1768 2284 1844 2338 de
1871 2300 1964 2339 ses
2001 2282 2195 2337 ordres
2234 2300 2312 2337 au
2347 2289 2498 2355 sujet

458 2377 533 2432 de
554 2370 768 2451 I’e‘glise
789 2376 862 2431 de
886 2376 1243 2452 Compiegne,
1270 2388 1347 2449 et,
1374 2388 1489 2432 tout
1509 2396 1581 2431 en
1604 2380 1687 2432 lui
1709 2378 1983 2451 deputant
2023 2372 2212 2431 l'abbe
2227 2379 2501 2432 nouvelle-

458 2480 609 2526 ment
630 2471 747 2539 ela,
788 2470 835 2523 a
853 2466 1126 2526 l’instruae't
1151 2474 1601 2526 sommairement
1618 2488 1735 2544 par
1757 2461 2044 2526 lui-meme
2068 2470 2219 2525 dela
2241 2470 2498 2525 condicite

462 2563 832 2619 scandalan-ve
856 2564 958 2620 dee
980 2562 1279 2621 chanoines
1302 2565 1374 2619 de
1406 2576 1548 2621 cette
1572 2565 1726 2623 ville.

1344 2716 1553 2799 (1150)

480 2954 861 3027 Carissimo
909 2954 1091 3052 patri
1125 2969 1196 3026 et
1240 2954 1565 3047 domine,
1614 2952 2023 3046 universali,
2062 2955 2191 3025 Dei
2229 2960 2488 3052 gratia,

383 3086 455 3143 et
494 3096 779 3143 summo
812 3069 1134 3167 pontifici
1184 3069 1527 3165 Eugmio,
1575 3070 1908 3164 Sugerius
1949 3069 2140 3141 Beati
2173 3070 2494 3169 Dionysii

383 3185 632 3276 abbaS‚
676 3185 1097 3257 obedientiae
1124 3198 1195 3256 et
1223 3184 1489 3256 servitii
1516 3182 2065 3282 plenitudinem.

482 3307 675 3373 Inter
705 3301 945 3372 omnia
976 3314 1049 3371 et
1080 3324 1165 3371 ex
1199 3298 1561 3391 omnibuS‚
1604 3300 2037 3371 sanctissime
2063 3304 2297 3392 Pater,
2333 3324 2491 3397 quae

387 3414 499 3487 vel
523 3415 937 3489 auctoritate
966 3414 1379 3514 apostolica,
1414 3414 1529 3487 vel
1556 3414 1936 3511 majestatis
1959 3418 2160 3511 regiae
2187 3438 2497 3513 praecep-

386 3533 580 3603 tione
608 3531 939 3629 parvitati
970 3546 1230 3601 nostrae
1260 3554 1595 3602 concessa
1630 3545 1797 3602 sunt
1831 3530 2140 3625 negotia,
2175 3528 2323 3599 haee
2348 3526 2494 3599 duo

386 3647 839 3743 potissimum
891 3645 1330 3743 amplexatus
1380 3669 1566 3734 sum,
1617 3644 1946 3716 videlicet
1988 3643 2080 3715 de
2125 3641 2496 3713 statuenda

386 3761 727 3858 religione
750 3761 824 3833 in
856 3765 1084 3833 Beatae
1126 3758 1505 3833 Genovefae
1536 3758 1904 3831 Parisiensi
1936 3772 2007 3830 et
2038 3756 2263 3829 nobiti
2291 3760 2500 3830 Com-

472 4012 530 4067 1.
561 4005 780 4067 Odonis
804 4006 879 4065 de
907 4004 1160 4085 Diogilo.
1196 4038 1278 4053 --
1312 4008 1371 4065 2.
1402 4003 1512 4062 Die
1540 4006 1615 4063 16
1659 3998 2020 4081 septembris.

472 4106 529 4162 3.
560 4104 648 4163 Ex
670 4100 909 4176 chesn„
941 4104 1039 4173 IV,
1073 4104 1212 4164 543.
1240 4132 1319 4145 —-
1344 4104 1477 4158 Rer.
1507 4100 1711 4175 gallic.
1744 4100 2030 4171 scriptor„
2060 4096 2192 4168 XV,
2228 4098 2366 4154 526.
2404 4095 2495 4155 Cf.

387 4195 685 4275 epistolam
736 4193 978 4273 Eugenii
1026 4214 1213 4274 papae,
1251 4212 1357 4253 xm
1396 4188 1512 4252 kal.
1549 4186 1682 4269 julii
1722 4188 1978 4263 ejusdem
2023 4190 2160 4251 anni
2201 4188 2498 4268 scriptam,

390 4288 558 4367 thia„
586 4290 726 4349 459.
