3275 5317
892 586 1007 646 156
1323 586 1647 643 OEUvnEs
1687 570 2110 643 COMPLETES
2149 586 2251 643 DE
2289 584 2556 649 SUGER.

888 716 1328 810 exhibenteS,
1364 716 1563 789 nullo
1594 718 1824 789 inanis
1851 718 2092 813 gloriae
2129 720 2477 817 appetitu,
2520 720 2794 793 nullam
2833 721 2986 794 lau-

888 833 997 906 dis
1040 833 1367 905 humanae
1420 848 1544 904 aut
1597 831 2090 906 retributionis
2161 835 2582 907 transitoriae
2642 836 2986 933 exigendo

885 947 1478 1037 retributionem3
1546 972 1635 1019 ne
1701 961 1866 1045 post
1926 945 2300 1020 decessum
2327 952 2346 987 ¹
2414 964 2746 1022 nostrum
2809 978 2986 1050 qua-

885 1088 1193 1161 cumque
1246 1080 1368 1135 aut
1427 1063 1938 1161 cujuscumque
1989 1062 2536 1138 defraudatione
2588 1065 2990 1140 redditibus

886 1178 1175 1251 ecclesia
1193 1180 1585 1269 minuatur,
1618 1204 1710 1250 ne
1744 1178 2057 1278 copiosa,
2085 1205 2243 1277 quae
2270 1195 2594 1278 tempore
2621 1183 2986 1255 amminis-

884 1295 1203 1368 trationis
1228 1309 1482 1367 nostrae
1513 1294 1708 1391 larga
1737 1295 1870 1367 Dei
1905 1294 2385 1367 munificentia
2419 1298 2748 1389 contulit,
2785 1299 2988 1371 silen-

883 1411 985 1483 tio
1023 1410 1223 1484 malis
1277 1411 1806 1484 successoribus
1855 1409 2243 1507 depereant
2279 1410 2754 1505 incrementa3
2803 1415 2980 1487 sicut

883 1550 923 1597 a
976 1550 1276 1623 corpore
1316 1526 1624 1599 ecclesiae
1659 1524 2239 1598 beatissimorum
2274 1542 2666 1623 martyrum
2713 1528 2980 1626 Diony-

885 1641 996 1731 sii,
1039 1641 1301 1713 Rustici
1345 1655 1416 1711 et
1456 1640 1843 1713 Eleutherii
1861 1694 1880 1729 ,
1917 1665 2074 1738 quae
2106 1666 2238 1713 nos
2270 1667 2489 1740 quam
2521 1641 2980 1716 dulcissimea

885 1754 1195 1827 mamilla
1226 1758 1249 1793 ³
1283 1780 1507 1853 usque
1570 1759 1645 1827 in
1695 1771 2051 1828 senectam
2112 1756 2314 1846 fovit,
2380 1757 2472 1830 de
2524 1756 2980 1832 aedificiornm

885 1871 1327 1943 institutione
1373 1886 1445 1942 et
1498 1873 1998 1944 thesaurorum
2039 1874 2615 1969 augmentatione
2653 1874 2816 1947 loco
2863 1902 2984 1948 suo

886 1986 1196 2084 incipere
1250 1986 1542 2083 dignum
1589 1987 1946 2078 duximuS,
2011 1988 2108 2060 ita
2153 1988 2368 2060 etiam
2407 2013 2447 2060 a
2495 1989 2784 2062 castello
2827 2017 2976 2081 suc,

882 2100 1215 2173 videlicet
1242 2102 1469 2200 prima
1499 2102 1650 2200 ejus
1677 2102 1870 2197 sede,
1909 2118 1982 2175 et
2011 2105 2084 2175 in
2116 2104 2375 2175 vicinia
2405 2104 2978 2203 circumquaque,

887 2215 978 2288 de
1017 2215 1431 2290 reddituum
1467 2222 2040 2315 augmentatione
2079 2233 2227 2290 tam
2271 2220 2720 2316 praesentium
2771 2246 2980 2318 quam

884 2330 1296 2428 futurorum
1330 2332 2029 2429 notitiae.significare
2072 2334 2454 2407 honestum
2498 2348 2570 2406 et
2613 2336 2783 2408 utile
2827 2360 2980 2435 pro-

884 2447 1277 2546 posuimus,

979 2566 1147 2635 Erat
1178 2564 1415 2661 itaque
1448 2564 1916 2636 ministerium
1949 2563 2125 2638 illud
2165 2564 2482 2662 ejusdem
2515 2567 2755 2658 castri,
2791 2564 2980 2665 quod

888 2678 1101 2775 vulgo
1173 2678 1435 2751 dicitur
1499 2679 1912 2751 theloneum
1933 2734 1953 2769 ‚
2034 2695 2109 2753 et
2180 2679 2600 2775 cambiatio,
2663 2696 2984 2754 constans

884 2795 1237 2890 sexaginta
1272 2794 1669 2867 solidorum
1700 2818 2128 2893 unaquaque
2162 2794 2648 2868 hebdomada.
2684 2796 2832 2869 Sed
2863 2802 2982 2867 Ur-

881 2908 1093 2981 sellus
1116 2910 1398 2983 Judaeus
1436 2910 1527 2981 de
1554 2915 1793 2983 Monte
1823 2904 2309 2983 Maurenciaco
2350 2912 2423 2983 in
2454 2912 2874 2985 vadimonio
2904 2912 2986 2984 de

880 3023 992 3098 his
1036 3024 1287 3098 decem
1318 3024 1658 3117 habebat,
1696 3050 1865 3099 cum
1897 3025 2061 3097 villa
2107 3025 2224 3097 illa
2263 3050 2422 3122 quae
2469 3026 2735 3099 dicitur
2787 3025 2985 3099 Moli-

884 3143 1155 3235 gnum⁸,
1209 3165 1344 3238 pro
1395 3157 1702 3239 quatuor
1762 3142 2008 3238 viginti
2063 3142 2319 3214 marcis
2375 3144 2686 3239 argenti,
2743 3156 2821 3214 et
2862 3142 2984 3214 alia

882 3278 1161 3351 magna,
1223 3258 1404 3329 sicut
1456 3256 1767 3346 dicebat,
1832 3256 2287 3329 denariorum
2323 3259 2649 3357 pecunia.
2687 3261 2836 3330 Nos
2878 3280 2990 3329 au·

881 3384 1023 3443 tem
1075 3386 1147 3443 et
1202 3371 1443 3445 villam
1492 3374 1739 3469 viginti
1795 3371 2012 3444 libras
2066 3388 2191 3445 aut
2246 3374 2408 3471 plus
2452 3372 2813 3445 valentem
2837 3426 2858 3463 ,
2925 3387 2988 3443 et

882 3486 1077 3585 ipsos
1105 3486 1353 3561 decern
1389 3488 1658 3561 solidos
1687 3513 1945 3585 magno
1973 3504 2289 3588 sumptu,
2307 3488 2643 3561 videlicet
2685 3489 2824 3561 tria
2861 3487 2983 3559 mi-

880 3602 973 3677 lia
991 3604 1385 3681 solidorum
1401 3606 1772 3680 reddendo
1789 3605 2090 3679 Mathaeo
2111 3606 2200 3679 de
2223 3609 2464 3679 Monte
2474 3605 2978 3690 Maurentiaco,

959 3845 986 3899 1
1004 3884 1019 3899 .
1056 3844 1339 3899 Dicessum
1368 3842 1501 3906 cod.
1532 3860 1641 3904 ms-

960 3936 1019 3994 2.
1050 3931 1203 3992 Hinc
1232 3946 1389 4013 patet
1427 3937 1461 3993 a
1486 3953 1670 4015 puero
1709 3934 2008 4014 Sugerium
2033 3938 2157 3995 Deo
2183 3934 2244 3993 in
2269 3935 2616 3995 monasterio
2643 3938 2701 3995 S.
2733 3932 2986 4013 Dionysii

886 4028 920 4086 a
950 4027 1285 4107 parentibus
1314 4028 1566 4087 oblatum
1608 4030 1801 4091 fuisse.
1837 4030 2010 4088 Haud
2050 4040 2240 4088 tamen
2277 4028 2510 4087 omnino
2547 4028 2849 4101 infantem,
2890 4028 2984 4087 sed

880 4119 1004 4201 jam
1032 4119 1345 4180 decennem
1369 4134 1489 4180 tum
1516 4121 1690 4181 fuisse
1716 4122 1951 4182 inferius
1990 4120 2309 4181 videbimus
2345 4120 2714 4203 (Benedict.).
2751 4122 2841 4183 Cf.
2873 4134 2984 4181 tes-

887 4224 1200 4273 tamentum
1226 4210 1371 4293 ejus,
1406 4214 1558 4272 infra
1580 4212 1820 4274 editum.

961 4310 1023 4366 3.
1064 4306 1239 4365 Forte
1260 4308 1643 4382 Montlae'gnon,
1674 4310 1854 4386 prope
1879 4294 2132 4368 Mentem
2162 4307 2632 4367 Maurentiacum.
