3275 5317
839 614 914 673 ιο
1261 612 1589 671 OEuvnns
1629 592 2056 671 commines
2096 610 2199 667 mv.
2236 609 2509 669 susan.

833 770 970 817 nus
1025 747 1225 816 Jesus
1253 744 1600 835 Christus,
1668 742 2084 842 redemptor
2130 758 2205 816 et
2252 742 2586 815 defensor
2642 743 2949 818 ecclesiae

835 884 1006 950 suoe,
1057 882 1194 931 nec
1241 882 1402 931 eam
1439 858 1706 933 diutius
1758 858 2193 949 conculcari,
2256 882 2391 931 nec
2444 859 2947 959 imperatorem

837 976 1132 1074 impune
1177 974 1386 1049 ferre¹
1416 976 1772 1049 sustinuit.
1816 976 1960 1064 Qui
1991 976 2253 1049 etenim
2284 1000 2419 1047 nec
2450 976 2627 1048 tenti
2655 1000 2791 1049 nec
2802 976 2948 1049 fide

835 1090 1130 1187 obligati
1147 1091 1452 1183 fuerant,
1489 1116 1773 1164 causam
1788 1090 2095 1163 ecclesiae
2124 1090 2531 1163 fluctuantis
2552 1090 2947 1189 suscipien-

834 1220 966 1295 tes,
999 1205 1276 1278 domini
1329 1204 1673 1303 designati
1700 1204 2044 1279 Ludovici
2068 1206 2407 1301 suffragio
2431 1221 2504 1278 et
2532 1206 2835 1278 consilio
2870 1207 2947 1279 in

834 1319 1174 1417 gallicana
1199 1319 1458 1393 celebri
1493 1320 1823 1395 concilio⁸
1846 1320 2145 1393 collecta
2188 1320 2509 1413 ecclesia,
2552 1320 2945 1419 imperato-

835 1454 987 1503 rem
1020 1444 1403 1531 tyrannum
1428 1431 1881 1504 anathemate
1907 1430 2358 1523 innodanteS,
2392 1455 2741 1503 mucrone
2752 1430 2949 1504 beati

836 1546 1023 1619 Petri
1049 1546 1537 1646 perfoderunt.
1573 1545 1851 1620 Deinde
1874 1572 2097 1643 regno
2126 1547 2489 1621 teutonico
2517 1546 2949 1647 applicantes

831 1662 1237 1760 optimateS,
1287 1676 1358 1733 et
1399 1678 1674 1761 partem
1716 1663 1915 1759 regni
1976 1663 2362 1735 maximam
2414 1660 2751 1735 adversus
2776 1687 2949 1735 eum

830 1792 1400 1869 commoverunt,
1463 1778 1773 1851 fautores
1838 1778 1990 1875 ejus
2050 1793 2122 1850 et
2198 1777 2628 1850 Bucardum⁸
2686 1778 2951 1849 Rufum

832 1891 1455 1964 monasteriensem
1483 1892 1932 1993 episcopum*
1964 1892 2474 1992 deposuerunt,
2518 1916 2651 1963 nec
2716 1888 2811 1963 ab
2842 1892 2953 1962 in-

832 2004 1210 2079 festatione
1241 2022 1364 2079 aut
1385 2006 1906 2081 haeredatione⁸
1934 2032 2157 2104 usque
2191 2010 2263 2080 in
2300 2006 2733 2102 condignam
2786 2031 2951 2104 pes-

831 2125 1026 2197 simae
1083 2125 1244 2196 vitae
1290 2139 1365 2196 et
1418 2126 1771 2223 tyrannici
1816 2126 2258 2223 principatus
2319 2122 2945 2214 defavillationem,

831 2236 1428 2338 supersederunt‘.
1489 2240 1707 2336 Cujus
1768 2240 1964 2312 malo
2030 2240 2291 2312 merito
2350 2238 2949 2337 transplantatum

831 2368 960 2443 est,
995 2356 1145 2426 Deo
1168 2354 1574 2447 ulciscente,
1616 2356 2031 2454 imperium3
2072 2379 2266 2443 cum,
2304 2378 2391 2426 eo
2446 2354 2941 2443 exterminate,

830 2469 978 2542 dux
1011 2472 1354 2542 Saxoniae'
1380 2470 1756 2543 [otharius
1795 2471 2151 2560 successit,
2207 2469 2321 2541 vir
2366 2467 2773 2559 bellicosuS,
2812 2469 2948 2540 rei-

830 2584 1137 2684 publicae
1197 2583 1534 2659 defensor
1578 2587 1907 2659 invictus.
1959 2586 2127 2675 Qui,
2174 2609 2343 2656 cum
2380 2584 2945 2657 recalcitrantem

831 2698 1130 2783 Italiam,
1165 2700 1654 2797 Campaniam,
1687 2699 2038 2797 Apuliam,
2074 2722 2297 2795 usque
2332 2698 2423 2770 ad
2455 2722 2653 2771 mare
2700 2696 2946 2769 Adria-

833 2814 1079 2905 ticum,
1129 2829 1475 2911 praesente
1531 2814 1771 2887 Siculo
1836 2817 2037 2910 rege⁸
2100 2814 2425 2910 Rogerio,
2482 2838 2570 2885 eo
2622 2813 2825 2911 quod
2868 2837 2943 2885 se

831 2952 1073 3022 regem
1143 2945 1444 3001 creasset
1467 2985 1486 3023 ,
1550 2929 2056 3029 depopulando
2072 2984 2093 3021 ,
2161 2930 2461 3002 domino
2519 2928 2942 3001 Innocentio

829 3066 1028 3140 papae
1063 3047 1086 3082 ⁸
1145 3046 1524 3117 comitatus
1581 3043 2144 3145 perdomuisset,
2235 3070 2404 3118 cum
2496 3044 2943 3116 nobilissimo

831 3157 1202 3257 triumpho
1218 3160 1629 3257 repatrians,
1664 3161 1895 3233 victor
1920 3160 2294 3259 sepulturae
2330 3158 2726 3233 succubuit.
2778 3163 2943 3231 Haec

909 3387 970 3443 1.
1007 3384 1206 3461 Pagae
1246 3384 1370 3458 sere
1400 3386 1616 3445 12710.
1656 3416 1732 3430 —
1758 3386 1959 3461 Pugno
1990 3382 2129 3442 133.
2154 3412 2235 3429 -
2258 3388 2505 3460 Impiam
2544 3381 2683 3442 edit.
2712 3382 2938 3443 Germ.-
2894 3424 2941 3458 .,

829 3486 889 3539 et
912 3474 976 3535 hi
1001 3494 1204 3537 omnes
1227 3477 1523 3537 mendose.

909 3573 969 3629 Ξ.
1013 3568 1327 3631 Viennensi
1373 3568 1655 3642 concilio,
1706 3586 1901 3627 mense
1936 3566 2249 3647 septembri
2294 3564 2553 3648 ejusdem
2606 3564 2743 3627 anni
2783 3570 2940 3627 1112

828 3676 1205 3742 congregato.

911 3760 972 3819 3.
1011 3760 1368 3817 But-cardum
1408 3758 1543 3816 133.
1575 3788 1657 3801 -
1690 3758 1751 3816 ln.
1794 3757 2135 3831 Episcopum
2162 3755 2326 3815 deest
2350 3752 2413 3813 in
2445 3757 2578 3817 133.

911 3854 969 3909 3.
1014 3852 1370 3909 Praedatt'one
1389 3849 1529 3912 edit.
1557 3852 1757 3910 Germ.

911 3945 969 4004 6.
1013 3946 1274 4019 Desuper
1291 3946 1555 4002 sederunt
1578 3946 1721 4014 135,
1750 3954 1925 4021 atque
1952 3940 2084 4001 edd.
2121 3943 2319 4005 Germ.
2353 3954 2412 4003 et
2438 3942 2649 4005 Chesn.

909 4036 969 4109 ἵ.
1013 4038 1314 4095 Saaxonm
1343 4038 1483 4107 543,
1511 4038 1628 4097 135
1658 4046 1719 4095 et
1740 4038 1921 4096 5925.

907 4130 968 4187 8.
1012 4130 1102 4185 Ita
1133 4130 1266 4193 cod.
1295 4134 1411 4191 135
1437 4150 1508 4189 ac
1529 4131 1666 4194 edd.
1693 4163 1773 4176 —
1804 4133 2016 4190 comite
2046 4129 2302 4209 quinque
2330 4128 2428 4189 alii
2450 4128 2622 4189 codd.

906 4222 965 4279 9.
1009 4224 1184 4296 Papo
1220 4222 1478 4301 quinque
1511 4220 1688 4282 codd.
1718 4234 1891 4300 atque
1922 4221 2058 4283 edd.
2096 4224 2293 4283 Germ.
2326 4234 2385 4282 et
2416 4223 2632 4283 Bened.
2658 4254 2740 4268 —
2772 4224 2943 4299 Papa

827 4312 944 4371 133
972 4323 1031 4371 et
1051 4311 1192 4375 edit.
1222 4314 1428 4375 Chesn.
