3275 5317
600 553 749 611 smt
790 554 931 611 SON
969 554 1611 613 ADMINISTRATION
1658 554 2100 617 ABBATIALE.
2274 563 2388 619 177

284 701 360 759 et
388 685 480 759 de
511 700 773 783 quanta
811 684 1089 757 miseria
1137 684 1354 758 fuerit
1404 686 1764 778 suscitata,
1809 703 2090 761 certum
2121 705 2400 764 constat

284 816 813 897 argumentum,
852 800 1050 898 quod
1088 825 1256 873 cum
1304 802 1504 898 prius
1553 802 1848 898 triginta
1901 801 2146 896 libras,
2202 830 2398 879 nunc

284 917 535 1016 saepius
563 917 723 1015 plus
754 940 969 1015 quam
995 914 1339 989 ducentas
1375 930 1660 990 tantum
1688 917 2080 1016 persolvat.

378 1192 600 1266 xvll.
638 1197 752 1265 De
776 1196 1035 1265 Arc-one
1052 1192 1073 1231 ¹
1108 1192 1350 1297 burgo,
1386 1196 1515 1293 qui
1546 1220 1736 1268 nunc
1767 1210 1875 1268 est
1904 1195 2294 1273 Corboilus.

381 1371 704 1443 Axonem
770 1366 1081 1466 burgum
1145 1367 1440 1467 quidem
1505 1372 1744 1445 Sancti
1807 1372 2126 1470 Dionysii
2185 1398 2400 1471 super

283 1483 589 1558 fluvium
634 1488 951 1557 Issonam
1001 1486 1291 1583 antiqua
1349 1510 1599 1583 regum
1659 1485 2084 1561 liberalitate
2136 1488 2400 1563 sanctis

282 1600 714 1699 Martyribus
760 1600 1133 1693 collatum,
1185 1602 1367 1674 sicut
1404 1602 1479 1674 in
1531 1603 1841 1701 antiquis
1900 1628 2152 1677 eorum
2189 1606 2404 1679 cartis

281 1716 721 1807 continetur,
771 1716 1109 1789 atrocitas
1165 1716 1539 1815 cujusdam
1594 1719 1880 1816 tyranni
1945 1718 2018 1790 in
2088 1736 2402 1793 castrum

284 1830 705 1905 Corboilum
758 1829 1121 1905 transtulit
1166 1846 1287 1904 :et
1333 1832 1527 1905 unde
1584 1848 1868 1907 sanctos
1919 1837 2266 1933 Martyres
2327 1834 2402 1906 in

282 1961 501 2039 terra,
534 1945 703 2019 inde
738 1970 813 2019 se
840 1946 934 2019 de
962 1946 1145 2020 coelo
1186 1946 1638 2021 exhaeredare
1673 1948 2086 2023 elaboravit.

438 2190 687 2260 xlel.
726 2192 833 2259 De
864 2186 1046 2261 cella
1082 2204 1483 2262 constructa
1528 2192 1605 2261 in
1657 2186 1806 2263 loco
1849 2194 1979 2289 qui
2004 2188 2266 2264 dieitur

1194 2306 1508 2404 Campis.

386 2506 606 2602 Igitur
632 2520 799 2605 post
840 2506 1061 2577 multa
1099 2528 1456 2577 annorum
1502 2503 1886 2598 curricula,
1941 2504 2088 2578 sere
2137 2502 2410 2577 ducen-

276 2636 534 2695 torum
565 2638 692 2693 aut
711 2620 897 2720 plu5‚
935 2643 1103 2691 cum
1137 2634 1367 2692 mater
1396 2619 1694 2692 ecclesia
1723 2622 2008 2713 Axonae,
2043 2645 2202 2718 quae
2232 2640 2400 2717 par-

274 2736 628 2809 rochialis
659 2750 767 2807 est
795 2733 1115 2809 Corboili
1128 2790 1147 2827 ,
1180 2734 1329 2807 sola
1363 2736 1565 2833 quasi
1600 2748 1826 2807 statua
1856 2734 2112 2808 eodem
2146 2737 2220 2808 in
2242 2734 2410 2806 loco

278 2851 771 2941 remansisset,
815 2874 977 2922 eam
1017 2851 1229 2923 etiam
1274 2850 1587 2949 episcopi
1618 2850 2042 2924 parisienses
2075 2876 2156 2923 ex
2190 2877 2410 2926 aemu-

280 2968 561 3040 latione
612 2966 940 3063 ingenitae
993 2966 1405 3038 monasterii
1449 2964 1790 3038 libertatis
1818 2965 2032 3039 beato
2065 2968 2408 3066 Dionysio

283 3084 769 3174 abstulerunt,
820 3097 893 3155 et
922 3097 1002 3156 ut
1053 3082 1195 3154 hoc
1238 3082 1475 3180 ipsum
1533 3081 1814 3154 fortiter
1870 3082 2402 3179 defenderetur,

287 3198 633 3273 Cluniaco
683 3213 756 3271 et
781 3196 1097 3270 Cluniaci
1135 3197 1505 3287 membris,
1556 3195 1883 3270 videlicet
1931 3202 2190 3271 Sancto
2219 3202 2408 3275 Mar-

291 3314 451 3388 tino
494 3314 583 3387 de
616 3313 901 3413 Campis
940 3327 1014 3385 et
1060 3312 1365 3385 ecclesiae
1401 3306 1492 3384 de
1532 3314 1864 3384 Gornaco
1913 3314 2398 3387 contulerunt.

286 3430 440 3531 Ipsi
492 3454 663 3502 vero
716 3428 997 3527 tyranni
1042 3427 1524 3500 Corboilensis
1562 3428 1798 3519 castri,
1834 3428 1912 3499 in
1959 3428 2224 3500 malitia
2283 3454 2407 3501 sua

294 3544 675 3642 congelati,
710 3560 856 3617 tam
884 3542 1377 3617 miserabiliter
1407 3543 1651 3615 omnia
1684 3542 1820 3615 sibi
1848 3542 2400 3640 subjugaverunt

295 3674 383 3733 ut
406 3661 523 3732 vix
552 3660 937 3759 quicquam
963 3658 1219 3756 reliqui
1248 3672 1501 3756 praeter
1524 3682 1836 3730 vacuum
1860 3672 2066 3729 terrae
2098 3655 2408 3729 fundum

298 3776 727 3868 dimiserint,
749 3791 821 3849 et
850 3777 925 3847 in
945 3774 1278 3874 proprios
1303 3799 1497 3864 usus»,
1530 3788 1872 3870 tanquam
1893 3772 2163 3872 proprii
2179 3791 2412 3847 essent

288 3890 505 3989 juris,
531 3917 708 3965 ausu
734 3890 1071 3985 sacrilego
1100 3888 1523 3986 redegerint.
1560 3891 1940 3987 Supererat
1979 3900 2050 3960 et
2080 3888 2407 3986 quaedam

299 4005 574 4106 capella
623 4006 697 4079 in
752 4006 1055 4097 honore,
1116 4018 1200 4077 ut
1250 4002 1639 4094 ferebatur,
1699 4001 1924 4075 beatae
1966 4003 2222 4100 Mariae,
2270 4029 2412 4102 qua

388 4270 446 4330 1.
490 4263 676 4345 Vulgo
702 4268 999 4324 Essonnes.

2107 4366 2180 4423 12
