3275 5317
862 523 936 579 at.
1282 516 1614 576 OEuvnsss
1651 498 2081 575 comrLETEs
2119 516 2222 571 DE
2262 514 2531 571 susm.

758 658 764 666 '
859 652 1354 723 demoraretur
1399 672 1482 720 ex
1535 645 1896 739 condicto,
1947 646 2079 744 ipsi
2100 648 2119 685 ¹
2170 646 2625 744 imperatoris
2682 647 2962 718 Henrici

855 762 1092 857 legati,
1146 784 1291 831 non
1344 759 1675 849 humileS,
1732 758 1854 831 sed
1896 756 2106 853 rigidi
2152 771 2224 829 et
2267 772 2749 849 contumaceS,
2796 784 2964 832 cum

857 874 1050 972 apud
1099 878 1435 946 Sanctum
1462 874 1881 945 Memmium
1900 875 1923 909 ¹
1969 873 2277 970 hospitia
2327 874 2823 973 suscepissent,
2862 898 2967 945 re-

854 990 1026 1061 licto
1079 989 1256 1061 inibi
1306 988 1731 1061 cancellario
1787 988 2111 1077 Alberto,
2166 989 2369 1084 cujus
2421 989 2567 1060 oris
2608 1004 2679 1059 et
2728 988 2966 1061 cordis

855 1104 1320 1176 unanimitate
1359 1105 1508 1202 ipse
1551 1104 1945 1201 imperator
1974 1103 2255 1199 agebat,
2294 1106 2529 1175 caeteri
2561 1104 2651 1175 ad
2684 1104 2965 1175 curiam

855 1220 1084 1292 multo
1110 1220 1415 1315 agmine,
1445 1218 1677 1291 multo
1715 1220 1923 1310 fastu,
1960 1244 2240 1291 summe
2271 1218 2620 1317 phalerati
2654 1218 2963 1291 devene-

852 1350 1047 1405 runt.
1087 1334 1177 1405 Hi
1219 1334 1570 1432 siquidem
1601 1350 1805 1406 erant
1845 1334 2416 1432 archiepiscopus
2446 1334 2895 1407 Treverensis
2910 1336 2959 1423 ⁸,

852 1447 1222 1547 episcopus
1253 1449 1782 1540 AlvertatensiS‚
1818 1450 2193 1548 episcopus
2224 1450 2823 1538 Monasteriensis,
2852 1474 2970 1521 co·

851 1564 1057 1635 mites
1088 1565 1576 1663 quamplureS‚
1611 1580 1685 1637 et
1719 1565 1835 1637 cui
1866 1564 2139 1660 gladius
2168 1565 2439 1662 ubique
2462 1564 2969 1664 praeferebatur

851 1679 996 1753 dux
1027 1682 1290 1772 welfo,
1325 1684 1434 1753 vir
1481 1682 1942 1781 corpulentus
1982 1686 2001 1720 ⁸
2069 1696 2141 1752 et
2170 1696 2317 1753 tota
2368 1681 2742 1781 superficie
2771 1681 2969 1777 longi

853 1810 923 1867 et
964 1797 1088 1869 lati
1123 1798 1144 1834 ⁸
1215 1797 1655 1869 admirabilis
1706 1812 1777 1869 et
1811 1797 2161 1869 clamosus
2206 1823 2221 1866 :
2277 1798 2399 1894 qui
2452 1797 2971 1871 tumultuantes

849 1913 1076 2008 magis
1115 1911 1206 1983 ad
1247 1912 1668 1985 terrendum
1709 1937 1928 2009 quam
1982 1911 2076 1984 ad
2136 1912 2710 1984 ratiocinandum
2770 1913 2967 1983 missi

849 2026 1293 2100 viderentur.
1343 2028 1805 2123 singulariter
1852 2041 1922 2101 et
1971 2028 2161 2099 solus
2215 2028 2659 2100 Treverensis
2702 2026 2969 2097 archie-

847 2142 1211 2241 piscopus,
1261 2144 1369 2213 vir
1410 2143 1687 2239 elegans
1728 2158 1803 2215 et
1841 2143 2227 2241 jocunduS,
2285 2145 2708 2242 eloquentiae
2750 2158 2825 2215 et
2854 2166 2965 2214 sa-

849 2258 1129 2354 pientiae
1176 2259 1541 2357 copiosus,
1581 2259 1925 2354 gallicano
1970 2258 2329 2331 cothurno
2382 2260 2830 2349 exercitatus,
2860 2258 2959 2330 fa-

851 2388 1003 2445 cete
1037 2377 1058 2411 ⁸
1123 2376 1507 2472 peroravit,
1563 2374 1861 2447 domino
1916 2400 2115 2474 papae
2160 2392 2233 2447 et
2286 2377 2497 2449 curiae
2542 2375 2842 2448 salutem
2889 2388 2962 2445 et

849 2489 1216 2561 servitium
1250 2515 1334 2561 ex
1363 2504 1566 2588 parte
1598 2488 1876 2561 domini
1908 2490 2351 2587 imperatoris
2381 2490 2736 2581 deferens,
2766 2490 2959 2563 salvo

840 2604 1005 2701 jure
1042 2606 1266 2700 regni.
1325 2610 1405 2677 Et
1435 2629 1876 2703 prosequens
1920 2606 2010 2678 de
2044 2606 2399 2680 mandatis
2434 2634 2453 2679 z
2514 2638 2549 2673 c<
2594 2608 2776 2678 Talis
2820 2620 2953 2696 est,

857 2748 891 2783 α
929 2718 1186 2815 inquit,
1221 2720 1498 2792 domini
1546 2721 1773 2793 nostri
1806 2721 2251 2818 imperatoris
2273 2747 2408 2821 pro
2439 2748 2581 2820 qua
2608 2722 2967 2795 mittimur

859 2866 895 2903 α
930 2859 1167 2909 causa.
1203 2838 1673 2936 Temporibus
1714 2853 2240 2911 antecessorum
2290 2854 2727 2929 nostrorum,
2770 2864 2971 2911 sanc·

859 2980 894 3015 α
934 2966 1174 3023 torum
1205 2968 1278 3024 et
1307 2953 1873 3052 apostolicorum
1890 2955 2247 3025 virorum⁷
2273 2956 2511 3050 magni
2540 2954 2867 3049 Gregorii
2891 2967 2969 3025 et

859 3092 894 3130 α
933 3064 1266 3157 aliorum,
1287 3065 1426 3139 hoc
1455 3067 1546 3140 ad
1561 3068 1969 3167 jusimperii
1990 3070 2345 3167 pertinere
2377 3068 2845 3165 dignoscitur,
2886 3083 2967 3141 ut

859 3209 895 3245 <t
933 3178 1006 3251 in
1053 3181 1254 3253 omni
1311 3174 1656 3256 electione
1710 3184 1831 3257 hic
1896 3183 2082 3257 ordo
2138 3200 2461 3259 servetur
2502 3212 2519 3257 :
2578 3199 2967 3282 antequam

940 3479 998 3538 1.
1038 3479 1449 3551 Disposueruni
1471 3477 1610 3536 133.

935 3574 995 3630 2.
1033 3576 1376 3630 Meminium
1415 3573 1587 3634 codd.
1620 3606 1697 3616 —
1720 3575 2055 3631 Memmium
2080 3572 2215 3633 edd.
2240 3606 2315 3617 -
2340 3570 2746 3632 Monasterium
2778 3570 2967 3631 sancti

852 3664 1108 3723 Memmii
1133 3666 1192 3724 in
1221 3666 1621 3725 catalaunensi
1647 3664 1923 3725 suburbio
1946 3668 2120 3725 situm
2144 3679 2288 3727 erat.

934 3761 990 3820 3.
1038 3764 1106 3817 ln
1125 3760 1256 3819 cod.
1293 3764 1409 3820 135
1437 3760 1781 3819 omittuntur
1814 3760 1987 3820 verba
2012 3764 2461 3839 archiepiscopus
2492 3766 2858 3825 freter-ensis.

933 3855 992 3909 Ιε.
1041 3856 1352 3927 Opulentus
1383 3856 1520 3914 133.
1555 3853 1664 3911 Ηὶο
1693 3864 1781 3911 est
1810 3852 2060 3933 Welpho
2086 3858 2167 3927 ΙΙ,
2192 3854 2445 3913 Bavariae
2468 3876 2681 3916 comes.

932 3946 992 4004 5.
1035 3950 1262 4023 Longus
1288 3961 1341 4004 et
1363 3951 1514 4004 latus
1539 3950 1679 4006 133.
1720 3978 1796 3989 -
1817 3950 1875 4005 6.
1920 3950 2121 4005 Facile
2144 3950 2284 4008 133.

933 4040 991 4097 7.
1041 4038 1403 4115 Temporibus
1453 4052 1863 4097 antecessorum
1906 4054 2235 4119 vestrorum,
2266 4044 2695 4117 apostolicorum
2722 4044 2962 4097 vitorum

850 4137 1048 4207 magni
1077 4136 1334 4209 Gregorii
1361 4136 1500 4191 133.
1521 4166 1594 4179 -
1626 4129 1987 4207 Temporibus
2008 4149 2415 4192 antecessorum
2446 4153 2713 4208 meorum,
2736 4146 2965 4210 aposto-

855 4222 1080 4280 licor-um
1109 4230 1347 4281 virorum
1376 4229 1593 4284 12710.
