3275 5317
676 512 823 570 SUR
864 510 1005 569 SON
1048 510 1684 569 ADMINISTRATION
1727 510 2156 569 ABBATIALE.
2356 512 2474 571 203

356 671 563 721 suam
613 668 772 743 quae
810 642 1077 716 dicitur
1106 641 1468 732 Ruoilum,
1522 666 1691 715 cum
1731 642 2199 741 appendiciiS,
2238 642 2479 739 sigillis

354 763 591 837 aureis
618 758 1094 835 confirmavit.
1141 758 1328 831 Hinc
1353 774 1461 831 est
1489 760 1706 831 etiam
1735 756 1936 857 quod
1971 759 2044 830 in
2077 758 2482 833 solemnita-

355 878 549 953 tibus
570 876 867 949 diversis
882 875 1033 947 fere
1050 874 1429 970 sexaginta,
1461 875 1706 971 magni
1721 890 1794 946 et
1814 872 2104 947 honesti
2118 876 2305 947 cerei
2326 901 2472 969 sex,

352 993 601 1094 quales
629 991 804 1065 alibi
832 993 909 1063 in
950 990 1245 1063 ecclesia
1296 1005 1419 1064 aut
1454 1015 1621 1063 raro
1675 1007 1800 1064 aut
1839 1014 2214 1087 nunquam
2255 1014 2479 1091 appo·

354 1126 655 1200 nuntur,
678 1110 863 1181 circa
893 1105 1093 1180 idem
1115 1106 1337 1178 altare
1370 1106 1889 1181 accenduntur.
1920 1107 2107 1179 Hinc
2138 1122 2249 1180 est
2264 1107 2481 1180 etiam

354 1226 553 1326 quod
598 1224 935 1322 quotiens
968 1221 1191 1294 altare
1236 1221 1428 1296 beati
1470 1222 1821 1322 Dionysii,
1872 1223 2135 1296 totiens
2169 1240 2242 1297 et
2287 1223 2479 1297 idem

353 1343 577 1417 altare
603 1339 833 1414 nobili
864 1353 1211 1438 apparatu
1234 1338 1652 1413 adornatur.

451 1462 761 1533 Crucem
786 1458 1003 1530 etiam
1020 1455 1423 1529 mirabilem
1442 1456 1852 1553 quantitatis
1870 1479 2036 1545 suae,
2055 1482 2214 1555 quae
2242 1484 2482 1557 super-

350 1578 585 1676 posita
616 1589 723 1647 est
752 1575 943 1645 inter
972 1571 1191 1645 altare
1230 1587 1304 1645 et
1328 1572 1693 1645 tumulum
1733 1570 2054 1670 ejusdem
2091 1574 2361 1666 Karoli,
2400 1578 2474 1647 in

360 1693 566 1790 cujus
623 1688 870 1761 medio
921 1687 1115 1761 fama
1170 1689 1466 1761 retinuit
1528 1687 1896 1762 confixum
1953 1689 2480 1765 nobilissimum

350 1806 624 1880 monile
663 1803 1009 1878 Nantildis
1042 1804 1299 1901 reginae
1326 1858 1345 1896 ,
1397 1805 1643 1876 uxoris
1690 1804 2083 1901 Dagoberti
2134 1807 2317 1901 regis
2363 1832 2479 1880 ec—

352 1922 579 1995 clesiae
628 1919 1066 2009 fundatoriS,
1112 1919 1311 1993 aliud
1352 1944 1523 1993 vero
1574 1920 1650 1992 in
1682 1919 1998 1993 frontem
2045 1922 2272 1993 sancti
2313 1923 2482 1995 Dio-

353 2038 536 2133 nysii
573 2034 837 2133 (tamen
866 2036 1036 2107 huic
1072 2036 1339 2108 minori
1369 2035 1654 2109 nullum
1703 2036 2159 2134 aequipollere
2198 2038 2478 2135 peritis-

354 2151 519 2223 simi
578 2148 879 2223 artifices
924 2150 1339 2248 testantur),
1376 2150 1551 2246 erigi
1622 2152 1950 2244 fecimuS,
2017 2151 2328 2224 maxime
2379 2152 2476 2225 ob

354 2269 825 2341 reverentiam
862 2267 1321 2341 sanctissimae
1350 2266 1537 2341 boiae
1566 2266 1840 2359 ferreae,
1865 2292 2048 2366 quae,
2081 2269 2156 2340 in
2193 2292 2480 2343 carcere

352 2382 685 2457 Glaueini
743 2382 1219 2459 sacratissimo
1280 2382 1469 2457 collo
1534 2382 1729 2456 beati
1795 2383 2120 2479 Dionysii
2181 2384 2434 2457 innexa
2452 2439 2472 2476 ,

352 2496 628 2571 cultum
662 2513 736 2570 et
774 2498 1315 2570 venerationem
1356 2510 1508 2569 tam
1542 2520 1583 2567 a
1616 2496 1830 2569 nobis
1853 2520 2074 2596 quam
2115 2496 2206 2568 ab
2241 2498 2478 2571 omni-

352 2611 494 2685 bus
524 2614 949 2711 promeruit.

453 2732 551 2798 Ea
576 2728 793 2799 etiam
806 2742 1037 2825 parte,
1056 2727 1283 2802 abbas
1308 2727 1734 2801 venerabilis
1751 2726 2072 2801 Corbeiae
2099 2727 2310 2801 bonae
2333 2752 2480 2802 me-

352 2844 603 2918 moriae
649 2842 1001 2915 Robertus
1024 2897 1045 2936 ,
1080 2842 1297 2942 hujus
1360 2859 1615 2917 sanctae
1665 2843 1972 2917 eeclesiae
2009 2844 2368 2942 professus
2407 2860 2482 2917 et

347 2959 443 3031 ab
480 2957 779 3030 infantia
813 2960 1150 3052 nutritus,
1171 2984 1387 3059 quem
1426 2958 1664 3032 eidem
1692 2960 2101 3034 Corbeiensi
2122 2976 2477 3033 monaste-

353 3076 463 3147 rio
495 3072 833 3147 abbatem
872 3098 1175 3173 praeesse
1208 3080 1361 3149 Deo
1400 3074 1718 3149 donante
1750 3074 2226 3167 exhibuimuS,
2265 3074 2472 3149 tabu·-

351 3190 495 3263 lam
554 3203 966 3287 argenteam
1007 3192 1279 3290 optime
1330 3191 1774 3283 deauratam,
1803 3216 1940 3290 pro
1986 3192 2474 3289 recognitione

354 3306 817 3405 professionis
846 3331 989 3378 suae
1030 3322 1102 3380 et
1144 3306 1541 3380 multorum
1591 3307 1901 3381 ecclesiae
1947 3307 2470 3382 beneficiorum

352 3422 741 3517 gratiarum
765 3423 1073 3516 actione,
1118 3422 1269 3495 fieri
1304 3423 1493 3495 fecit.

453 3542 777 3609 XXXIV.
799 3538 1116 3610 Chorum
1150 3537 1366 3610 etiam
1398 3538 1698 3611 fratrum
1724 3592 1743 3627 ,
1788 3562 1934 3635 quo
1961 3535 2175 3608 valde
2223 3558 2470 3630 grava-

356 3650 621 3725 bantur
649 3652 775 3749 qui
804 3652 1082 3725 assidue
1114 3653 1423 3725 ecclesiae
1450 3650 1871 3725 insistebant
1899 3650 2216 3738 servitio,
2261 3648 2464 3745 frigi-

354 3765 575 3841 ditate
614 3770 995 3842 marmoris
1043 3784 1113 3841 et
1159 3770 1365 3867 cupri
1402 3768 1913 3868 aliquantisper
1963 3764 2362 3861 infirmum,
2397 3767 2472 3841 in

354 3882 548 3954 hanc
606 3909 765 3981 quae
822 3909 1016 3958 nunc
1060 3901 1357 3985 apparet
1398 3886 1734 3972 formam,
1805 3879 2171 3953 laboribus
2219 3908 2473 3957 eorum

352 3999 883 4096 compatienteS,
928 4002 1387 4092 mutavimuS,
1434 4016 1507 4073 et
1535 4011 1838 4098 propter
1881 4012 2278 4071 conventus
2307 4024 2476 4094 aug-

352 4115 902 4210 mentationem,
951 4119 1106 4189 Deo
1161 4114 1544 4189 auxiliante
1562 4169 1582 4207 ,
1645 4126 2100 4209 augmentare
2149 4112 2471 4185 elabora-

350 4252 611 4301 vimus.
