3275 5317
1021 562 1146 619 vm
1185 562 1286 619 DE
1327 560 1550 623 Loms
1589 560 1684 617 LE
1726 560 1945 618 GROS.
2456 563 2523 619 2¹

428 709 866 781 corruenteS,
905 695 1306 767 lancearum
1335 708 1735 767 erectarum
1760 706 1839 775 „et
1862 694 2396 766 occurrentium
2424 718 2533 763 sa-

427 812 762 909 gittarum
793 811 1088 911 cuspide
1131 810 1467 909 perfossi,
1515 824 1912 882 extremum
1956 810 2282 907 spiritum
2320 810 2533 883 exha-

429 928 676 1020 lanteS,
703 928 1036 1000 miseras¹
1065 928 1338 1001 animas
1367 950 1532 999 cum
1560 924 1813 998 dolore
1843 924 1937 997 ad
1976 925 2241 997 inferos
2283 940 2535 999 trans-

427 1044 742 1117 tulerunt
762 1046 812 1115 ².
2008 1030 2017 1039 ’

519 1163 668 1235 VH.
725 1162 1050 1231 Castrum
1091 1156 1290 1255 quod
1329 1157 1591 1230 dicitur
1646 1156 1851 1229 Mons
1896 1160 2197 1230 Acutus⁸
2250 1157 2537 1231 validis-

423 1276 714 1364 simum,
746 1275 822 1347 in
850 1298 1035 1373 pago
1063 1271 1540 1362 Laudunensi,
1571 1274 1943 1345 occasione
1976 1272 2347 1371 cujusdam
2383 1300 2536 1347 ma-

423 1390 744 1464 trimonii
815 1389 1110 1484 contigit
1187 1388 1532 1462 Thomam
1590 1388 1681 1460 de
1750 1390 2031 1461 Μαι-ηε*
2086 1389 2483 1465 obtinuisse
2509 1446 2528 1483 ‚

422 1505 794 1578 hominem
830 1503 1418 1603 perditissimum,
1444 1507 1600 1576 Deo
1625 1518 1697 1576 et
1712 1503 2131 1577 hominibus
2159 1506 2529 1599 infestum3

425 1622 630 1719 cujus
689 1620 1211 1694 intolerabilem
1255 1618 1448 1691 velut
1493 1618 1989 1691 immanissimi
2053 1620 2205 1719 lupi
2260 1620 2533 1695 rabiem

426 1732 988 1835 inexpugnabilis
1077 1735 1290 1807 castri
1355 1732 1651 1806 audacia
1711 1750 2290 1809 concrescentem
2366 1762 2535 1811 cum

423 1876 676 1924 omnes
709 1851 1265 1948 circumquaque
1319 1848 1803 1949 compatriotae
1848 1865 1922 1922 et
1956 1850 2421 1926 formidarent
2463 1868 2535 1925 et

422 1965 924 2057 obhorrerent,
944 1966 1096 2064 ipse
1125 1965 1250 2063 qui
1285 1963 1660 2037 dicebatur
1687 1980 1887 2063 pater
1938 1966 2089 2063 ejus
2141 1971 2534 2063 Engerran-

425 2083 587 2153 nus⁸
607 2078 698 2152 de
722 2084 936 2172 Bova,
972 2081 1081 2151 vir
1101 2080 1526 2152 venerabilis
1549 2094 1619 2152 et
1650 2079 2115 2172 honorificuS,
2152 2084 2430 2177 egregie
2462 2098 2535 2155 et

420 2210 678 2295 praeter
699 2195 875 2267 alios
899 2194 1102 2267 illum
1133 2193 1226 2266 de
1257 2210 1486 2267 castro
1509 2195 1763 2293 ejicere
1790 2196 1887 2269 ob
1920 2198 2073 2294 ejus
2118 2198 2535 2269 fautiosam·

420 2310 872 2409 tyrannidem
936 2308 1424 2383 moliebatur⁷.
1500 2313 2125 2404 Communicamm
2176 2325 2280 2382 est
2354 2313 2537 2383 inter

417 2450 567 2520 eOS,
602 2428 838 2526 ipsum
870 2424 1205 2499 videlicet
1235 2428 1775 2521 Engerrannum
1815 2439 1887 2496 et
1924 2424 2229 2497 Ebalum
2280 2428 2531 2499 Rucia-

421 2567 737 2634 oensem,
780 2567 950 2614 cum
1001 2539 1336 2612 omnibus
1374 2564 1556 2637 quos
1601 2538 1889 2611 allicere
1938 2539 2073 2611 sibi
2114 2556 2526 2638 potuerunt,

423 2672 736 2729 castrum
758 2672 832 2728 et
858 2656 933 2726 in
952 2669 1186 2727 castro
1211 2678 1378 2726 eum
1397 2651 1753 2744 obsidere,
1788 2654 2341 2754 circumquaque
2365 2684 2531 2731 eum

425 2787 500 2844 et
529 2770 696 2870 palo
729 2786 800 2842 et
829 2770 1094 2841 vimine
1119 2770 1701 2865 circumcingere,
1738 2793 2049 2867 eumque
2079 2770 2303 2851 multa
2327 2796 2531 2847 mora

423 2887 614 2959 fame
656 2885 1170 2985 periclitantem
1218 2884 1311 2957 ad
1359 2884 1799 2957 deditionem
1844 2909 2123 2981 cogere,
2187 2905 2531 2961 castrum-

420 3027 589 3102 que,
633 3003 692 3073 si
723 3015 961 3100 posset
991 3000 1167 3093 fieri,
1207 3000 1644 3093 subvertere,
1679 3026 1989 3098 eumque
2024 3005 2323 3101 perenni
2368 3030 2527 3075 car-

419 3142 580 3192 cere
604 3116 1109 3190 condemnare.
1139 3115 1352 3205 Quod
1395 3116 1645 3189 videns
1676 3118 1785 3189 vir
1820 3142 2157 3215 nequam,
2200 3119 2351 3217 jam
2402 3119 2529 3191 fir-

423 3233 632 3307 matis
661 3232 992 3325 castellis,
1032 3257 1202 3305 cum
1248 3232 1561 3305 necdum
1603 3232 1795 3305 vallo
1844 3233 1937 3305 ab
1986 3234 2127 3307 alio
2174 3234 2268 3307 ad
2332 3232 2529 3305 aliud

503 3530 562 3591 1.
606 3533 821 3588 MIser-t‘
838 3530 936 3589 ed.
964 3526 1162 3588 Germ.
1191 3560 1274 3573 --
1313 3531 1374 3591 2.
1425 3532 1884 3587 stam-miserunt
1910 3530 2091 3589 6265.

502 3623 560 3680 3.
596 3618 783 3699 Vulgi»
807 3626 1118 3698 Montaigu
1144 3618 1394 3700 (Al-me).
1425 3652 1506 3665 —-
1534 3624 1593 3680 4.
1637 3620 1824 3699 Vulgo
1852 3624 2047 3679 Mar-le
2076 3618 2327 3701 (Ais-ne).

506 3718 563 3775 5.
604 3719 980 3791 Engerannus
1015 3718 1131 3774 135
1166 3724 1337 3791 atque
1373 3712 1514 3773 edit.
1554 3715 1753 3773 Germ.
1788 3746 1865 3759 -—
1904 3716 2319 3791 lingent-annus
2350 3716 2531 3779 5925.

423 3838 504 3853 -
521 3811 940 3884 Engo-ittonam
969 3805 1104 3867 edd.
1143 3806 1350 3867 Chesn.
1395 3819 1454 3867 et
1491 3806 1789 3865 Benedict.
1818 3806 1977 3865 Idem
2004 3804 2221 3884 quique
2258 3806 2433 3866 infra.
2475 3810 2533 3867 Is

424 3912 550 3959 erat
571 3920 762 3960 comes
785 3899 1200 3961 Ambianensis.
1232 3905 1303 3960 V.
1341 3906 1466 3961 Art.
1498 3905 1571 3959 de
1601 3904 1767 3977 veris.
1799 3904 1883 3959 les
1909 3902 2093 3973 dates,
2120 3904 2203 3973 11,
2235 3906 2374 3963 715.

507 3996 565 4053 6.
608 3997 926 4068 Fautae‘osus,
956 3994 1017 4053 id
1047 4008 1132 4054 est
1159 3996 1438 4067 defector,
1464 4007 1530 4054 ut
1549 4006 1716 4054 notat
1731 3993 2001 4071 GangiuS,
2025 3994 2147 4053 haec
2166 3994 2289 4073 ipsa
2310 3994 2536 4071 sugerii

431 4082 601 4144 verba
628 4084 1012 4166 interpretans
1045 4086 1132 4167 (v0
1153 4092 1372 4161 Fae-tto,
1395 4088 1483 4167 2).

507 4183 568 4238 7.
597 4180 682 4237 Ita
707 4180 842 4238 edd.
873 4180 1077 4241 chesn.
1107 4194 1166 4241 et
1194 4182 1490 4241 Benedict.
1521 4215 1602 4229 —
1626 4180 2047 4241 Demoliebatur
2072 4180 2325 4261 quinque
2358 4180 2533 4241 codd.

431 4288 500 4329 ac
527 4270 622 4331 ed.
654 4273 854 4335 Germ.
