3275 5317
879 561 954 617 98
1040 618 1068 653 ,.
1308 557 1637 616 OEnvnsss
1681 539 2106 615 commi-Es
2147 556 2247 613 ΒΕ
2275 556 2546 615 suana.

876 713 1001 762 rex
1030 694 1472 761 Francorum
1494 686 1926 779 Ludovicus,
1955 712 2036 759 ea
2061 712 2204 785 qua
2233 686 2810 785 supereminebat
2841 688 2990 783 regi

876 805 1265 902 Anglorum
1312 803 1623 902 ducique
1683 808 2256 877 Normannorum
2316 805 2627 875 Henrico
2663 800 2988 875 sublimi-

878 935 1043 1010 tate,
1083 921 1158 992 in
1188 945 1354 992 eum
1393 944 1675 1018 semper
1706 935 2045 1017 tanquam
2067 922 2142 991 in
2177 918 2545 993 feodatum
2581 944 2792 990 suum
2821 917 2990 989 effe·

876 1034 1193 1108 rebatur.
1257 1040 1397 1109 Rex
1447 1060 1621 1108 vero
1675 1036 2087 1133 Anglorum‚
2124 1051 2192 1109 et
2241 1039 2442 1131 regni
2501 1034 2872 1107 nobilitate
2913 1049 2990 1105 et

878 1152 1290 1227 divitiarum
1324 1151 1687 1250 opulentia
1721 1152 2026 1225 mirabili
2061 1152 2549 1225 inferioritatis
2583 1150 2984 1249 impatiens,

878 1267 1215 1362 suffragio
1256 1270 1539 1365 nepotis
1576 1267 1970 1340 Theobaldi
2007 1268 2301 1367 palatini
2358 1265 2642 1339 comitis
2695 1283 2768 1339 et
2807 1264 2988 1336 mul-

879 1396 1117 1454 torum
1162 1384 1359 1478 regni
1406 1382 1854 1475 aemulorum,
1893 1398 1977 1455 ut
2018 1384 2170 1480 ejus
2210 1380 2538 1453 dominio
2583 1380 2984 1475 derogaret,

876 1522 1173 1593 regnum
1218 1524 1704 1591 commovere,
1749 1523 1991 1595 regem
2033 1498 2320 1571 turbare
2359 1496 2748 1569 nitebatur.
2793 1496 2994 1567 Reci-

875 1629 1213 1712 procatur
1257 1614 1468 1709 igitur
1503 1615 1692 1686 inter
1720 1640 1843 1687 eos
1870 1615 2326 1712 antiquarum
2361 1635 2774 1707 guerrarum
2808 1611 2988 1682 reci-

878 1727 1042 1799 diva
1077 1728 1363 1821 malitia,
1402 1730 1578 1801 dum
1608 1755 1733 1802 rex
1763 1729 2026 1827 Angliae
2055 1754 2221 1803 cum
2249 1730 2512 1801 comite
2546 1724 2984 1816 Theobaldo,

876 1844 1217 1940 quoniam
1263 1870 1384 1918 eos
1432 1847 1889 1919 Normannici
1924 1862 1997 1919 et
2045 1845 2493 1919 Carnotensis
2534 1844 2696 1942 pagi
2727 1836 2990 1915 coneo-

877 1956 1171 2055 pulabat
1220 1958 1552 2052 affinitas,
1614 1962 2016 2061 proximam
2063 1963 2248 2057 regis
2307 1959 2704 2032 marchiam
2753 1959 2984 2055 impu-

878 2097 1092 2169 gnare
1158 2091 1621 2170 concertant3
1681 2078 2020 2151 comitem
2075 2075 2634 2150 Moritoilensem
2695 2072 2986 2171 Stepha-

878 2196 1119 2281 num¹,
1176 2190 1470 2263 alterius
1524 2192 1842 2283 fratrem,
1908 2194 2200 2265 alterius
2255 2205 2620 2291 nepotem,
2683 2188 2778 2260 ad
2821 2188 2986 2261 alias

875 2320 1143 2403 parteS,
1196 2306 1526 2380 videlicet
1581 2309 2000 2399 Briensium,
2054 2332 2221 2381 cum
2269 2307 2577 2379 exercitu
2628 2304 2984 2376 transmit·

874 2435 1061 2511 tunt,
1117 2421 1580 2496 formidantes
1626 2449 1716 2495 ne
1763 2423 2082 2497 absentia
2129 2424 2412 2496 comitis
2475 2437 2740 2494 terram
2794 2418 2984 2491 illam

876 2533 1113 2607 subito
1146 2562 1266 2608 rex
1298 2553 1703 2637 occuparet.
1741 2542 1881 2627 Qui
1912 2564 2043 2612 nec
2069 2540 2522 2628 NormanniS,
2561 2562 2696 2609 nec
2729 2538 2986 2606 Carno-

873 2651 1219 2741 tensibuS‚
1274 2680 1405 2725 nec
1465 2656 1678 2726 etiarn
1747 2658 2155 2730 Briensibus
2212 2680 2504 2757 parcere
2565 2652 2978 2741 sustinebat,

875 2792 1042 2839 cum
1082 2768 1153 2839 in
1194 2784 1669 2879 utrorumque
1709 2772 1954 2844 medio
1991 2788 2329 2869 tanquam
2362 2773 2437 2843 in
2483 2770 2755 2841 circino
2795 2766 2980 2866 posi-

878 2895 1015 2974 tuS,
1053 2883 1272 2957 modo
1322 2886 1396 2956 in
1448 2885 1646 2977 istos,
1691 2884 1914 2959 modo
1955 2889 2030 2959 in
2090 2888 2256 2961 illos
2298 2903 2656 2960 terrarum
2703 2884 2982 2980 dissipa·

877 2998 1095 3089 tione,
1128 2999 1388 3072 crebro
1424 3001 1639 3072 etiam
1664 3002 2028 3093 conflictu,
2067 3004 2273 3098 regiae
2303 3000 2688 3099 majestatis
2713 2999 2983 3069 animo-

874 3112 1151 3183 sitatem
1224 3111 1689 3189 declaraverit
1709 3120 1755 3189 ⁸.
1827 3120 2095 3189 Verum
2168 3117 2337 3216 quia
2405 3120 2984 3188 Normannorum

872 3227 1213 3317 marchia,
1255 3244 1399 3301 tam
1440 3257 1690 3328 regum
1729 3232 2115 3328 Anglorum
2152 3259 2370 3332 quam
2410 3236 2984 3304 Normannorum

874 3341 1146 3415 ducum
1174 3342 1399 3417 nobili
1428 3346 1902 3444 providentia,
1945 3363 2016 3420 et
2063 3373 2420 3421 novorum
2459 3344 2813 3446 positione
2844 3366 2986 3415 cas-

874 3473 1178 3552 trorum,
1216 3474 1288 3532 et
1335 3461 1848 3534 invadabilium
1875 3465 1897 3501 ³
1963 3462 2343 3536 fluminum
2400 3461 2735 3543 decursu.
2791 3474 2985 3531 extra

876 3572 1046 3646 alias
1086 3574 1529 3671 cingebatur,
1572 3603 1737 3668 rex,
1761 3579 1929 3675 quia
1973 3578 2084 3650 his
2123 3579 2449 3669 callebat,
2487 3577 2860 3650 transitum
2907 3575 2978 3645 in

870 3692 1377 3764 Normanniam
1396 3692 1528 3764 sibi
1559 3692 1928 3786 affectans,
1949 3718 2118 3767 cum
2148 3718 2375 3792 pauca
2393 3692 2704 3765 militum
2730 3714 2972 3779 manu,

954 3912 981 3966 1
998 3952 1012 3966 .
1060 3910 1437 3989 Stephanum,
1466 3912 1698 3971 tertium
1727 3912 1906 3973 filium
1933 3912 2232 3993 Stephani,
2259 3912 2404 3973 sexti
2429 3909 2656 3971 comitis
2679 3905 2978 3982 Blesamis,

870 3999 1138 4061 comitem
1168 4003 1650 4064 Moretoniensem
1679 4010 1984 4083 (Mortain)
1999 4019 2058 4067 et
2083 4010 2284 4087 postea
2317 4004 2745 4065 Boloniensem.

948 4100 1011 4157 2.
1042 4100 1439 4155 Declaraverac
1475 4102 1608 4171 135,
1640 4110 1814 4177 atque
1841 4100 1974 4162 edd.
2003 4102 2201 4161 Germ.
2234 4111 2293 4159 et
2319 4099 2530 4160 Chesn.

948 4192 1007 4248 3.
1042 4190 1458 4249 InvadabiIium
1480 4191 1613 4251 cod.
1645 4192 1931 4252 recentior
1949 4195 2128 4265 6265,
2154 4205 2329 4270 atque
2342 4191 2477 4252 edd.
2497 4190 2708 4252 Chesn.
2723 4200 2785 4250 et
2797 4192 2984 4249 Bene·

864 4281 1004 4342 «liet.
1032 4315 1113 4327 -
1148 4286 1507 4343 Invadnle'um
1538 4297 1700 4365 quat.
1731 4286 1902 4345 codd.
1935 4306 2003 4345 ac
2027 4286 2165 4347 edit.
2197 4287 2398 4345 Germ.
