3275 5317
879 548 995 605 350
1314 542 1643 603 oeuvnsss
1681 527 2102 603 conpares
2139 542 2244 599 nn
2283 540 2552 601 suom.

874 676 1325 778 repellendos
1370 676 1637 753 imbres
1669 675 2151 750 tumultuosos
2189 690 2262 748 et
2315 696 2788 774 quaecumque
2821 698 2980 746 mo-

876 792 1088 885 lesta3
1136 796 1211 866 in
1239 819 1388 893 quo
1424 794 1615 867 idem
1649 793 1784 891 ipsi
1823 792 2259 891 exprimunt,
2303 792 2428 889 qui
2459 789 2982 889 praelationibus

876 910 1183 983 actuales
1228 934 1315 981 ex
1371 909 1619 982 debito
1665 906 1885 980 officii
1927 932 2014 979 ex
2061 906 2304 1006 seipsis
2347 906 2618 979 habent
2660 906 2824 978 loco
2863 930 2976 978 co-

880 1027 1156 1097 riorum
1198 1040 1271 1097 et
1300 1024 1682 1096 confovere
1695 1038 1767 1095 et
1796 1036 2046 1095 contra
2076 1046 2374 1095 omnem
2395 1022 2798 1093 molestiam
2827 1046 2976 1121 pro-

875 1152 1113 1235 tegere
1137 1137 1754 1237 contemplativOS,
1778 1136 1905 1235 qui
1927 1143 2118 1209 vere¹
2140 1154 2306 1209 sunt
2337 1160 2505 1209 arca
2535 1136 2796 1209 divinat
2825 1160 2978 1235 pro-

874 1254 1285 1351 pitiationis.
1326 1258 1724 1352 Eapropter
1765 1277 1897 1348 ego
1941 1252 2299 1349 Sugerius,
2335 1254 2470 1325 Dei
2501 1252 2842 1351 patientia
2881 1267 2976 1324 ter

876 1368 1068 1443 beati
1091 1370 1407 1467 Dionysii
1448 1384 1744 1443 vocatus
1767 1368 2014 1461 abbaS,
2041 1370 2549 1443 mandatorum
2574 1370 2711 1439 Dei
2735 1392 2974 1467 praeva-

876 1484 1165 1579 ficator,
1192 1486 1287 1559 ad
1320 1509 1449 1557 cor
1481 1485 1611 1557 Dei
1638 1484 2100 1557 miseratione
2127 1485 2362 1558 redire
2401 1484 2764 1575 festinans,
2799 1482 2972 1555 unde

877 1602 1219 1691 venerim,
1261 1598 1438 1698 quid
1471 1599 1793 1690 fecerim,
1827 1614 1897 1672 et
1930 1625 2076 1698 quo
2113 1602 2216 1672 ire
2252 1598 2585 1691 debeam,
2621 1600 2695 1671 in
2735 1599 2970 1671 timore

876 1730 949 1787 et
972 1715 1446 1787 amaritudine
1478 1715 1733 1787 animae
1779 1740 1958 1787 meae
2001 1716 2427 1813 recogitans,
2475 1714 2572 1788 ad
2622 1736 2970 1787 servorum

874 1832 1010 1903 Dei
1074 1829 1370 1902 tutelam
1430 1831 1780 1903 tremulus
1840 1832 2203 1927 confugio,
2254 1847 2328 1903 et
2383 1832 2508 1928 qui
2563 1831 2968 1925 irreligiosus

874 1946 1099 2018 existo
1118 2000 1138 2035 ,
1202 1945 1625 2040 religionem
1685 1971 1941 2018 eorum
2000 1962 2157 2019 toto
2214 1947 2455 2019 animo
2521 1945 2962 2044 amplectens,

873 2061 1367 2157 religiosorum
1410 2060 1743 2157 suffragia
1769 2062 2187 2161 suppliciter
2217 2062 2554 2159 imploro,
2579 2078 2656 2134 et
2677 2075 2757 2133 ut
2778 2060 2968 2132 devo-

874 2176 1013 2249 tius
1060 2191 1133 2249 et
1182 2174 1541 2248 efficacius
1586 2174 1804 2248 nobis
1849 2176 1920 2248 in
1981 2177 2466 2274 spiritualibus
2525 2175 2964 2249 sustentando

877 2290 1335 2390 provideant,
1388 2306 1460 2363 et
1512 2292 1587 2362 in
1644 2290 2164 2389 temporalibus
2212 2295 2314 2366 eis
2364 2291 2814 2390 providendo
2863 2314 2964 2362 eos

872 2422 1266 2480 sustentare
1306 2405 1734 2479 victualibus
1777 2408 2158 2481 confovere
2205 2408 2663 2481 devotissime
2703 2428 2962 2478 accura-

872 2544 1057 2596 mus.
1106 2528 1211 2595 De
1260 2524 1724 2621 praepositura
1769 2523 2126 2621 siquidem
2177 2523 2568 2613 Vilcassini,
2615 2548 2774 2620 quae
2817 2521 2964 2594 olim

872 2653 1039 2711 ante
1068 2662 1201 2710 nos
1226 2638 1408 2711 adeo
1436 2637 1774 2713 destituta
1797 2653 1976 2727 erat,
2003 2654 2086 2711 ut
2121 2640 2236 2711 vix
2267 2653 2506 2737 posset
2531 2638 2848 2735 quinque
2867 2661 2962 2707 so-

870 2750 1054 2826 lidos
1080 2752 1172 2825 ad
1206 2753 1648 2827 cotidianum
1685 2753 1982 2827 fratrum
2021 2754 2342 2851 generale
2374 2752 2732 2846 sufficere,
2777 2776 2966 2851 quam

870 2867 947 2938 in
999 2869 1315 2941 novitate
1362 2869 1797 2966 praelationis
1854 2885 2156 2961 nostrae,
2216 2870 2346 2941 Dei
2403 2868 2700 2957 auxilio,
2765 2867 2966 2941 multo

870 2998 1187 3080 sumptu,
1241 2984 1474 3059 valida
1539 2985 1648 3083 (et
1693 2985 1892 3082 quod
1939 2987 2152 3057 etiam
2209 2984 2716 3059 conscientiam
2761 3006 2968 3056 meam

869 3096 1173 3195 gravat)
1242 3099 1535 3171 militari
1606 3124 1821 3171 manu
1846 3154 1866 3191 ,
1932 3099 2026 3172 ab
2088 3100 2554 3200 oppressione
2613 3098 2968 3173 advooeto-

868 3234 1035 3285 rum
1072 3226 1145 3284 et
1190 3212 1498 3285 aliorum
1563 3213 2103 3287 malefactorum
2157 3239 2318 3287 eam
2373 3215 2832 3307 excussimus,
2881 3230 2961 3297 et,

868 3327 1050 3401 sicut
1079 3328 1287 3401 nobis
1318 3328 1629 3420 videtur,
1665 3328 2042 3427 dupliciter
2070 3346 2192 3403 aut
2241 3328 2608 3428 tripliciter
2643 3354 2962 3424 augmen-

868 3444 1093 3518 tando
1168 3446 1243 3519 in
1324 3445 1577 3518 melius
1653 3448 2188 3546 composuimus
2214 3503 2232 3539 ,
2305 3446 2616 3543 generali
2693 3446 2966 3520 smum

866 3560 1185 3659 quinque
1222 3562 1492 3635 solidos
1532 3561 1790 3634 diebus
1832 3563 2152 3659 quinque
2196 3562 2269 3633 in
2301 3565 2500 3633 omni
2531 3559 2966 3635 hebdomada

868 3677 1322 3772 apponimus,
1361 3678 1547 3749 utin
1582 3676 1721 3749 illis
1749 3702 2029 3776 semper
2062 3678 2312 3749 decem
2345 3677 2662 3750 habeant
2691 3678 2962 3753 solidos.

866 3788 1038 3863 Aliis
1076 3792 1429 3889 siquidem
1472 3792 1759 3865 duobus
1803 3792 2083 3886 diebus,
2119 3793 2446 3867 videlicet
2498 3795 2690 3867 feriis
2740 3796 2968 3893 quinta

868 3920 941 3979 et
978 3908 1281 4007 septima
1296 3962 1316 4000 ‚
1354 3908 1451 3981 ob
1481 3911 1952 3983 reverentiam
1995 3928 2408 3985 nostrarum
2449 3912 2962 3999 memoriarum,

868 4038 1125 4097 sanctae
1191 4022 1323 4096 Dei
1368 4025 1744 4097 Genitricis
1775 4041 1848 4098 et
1885 4040 2294 4099 sanctorum
2337 4030 2757 4125 Martyrum,
2805 4048 2966 4123 qua·

950 4275 1008 4332 1.
1038 4276 1255 4348 Quaere,
1288 4270 1580 4343 mendose,
1610 4267 1749 4331 edit.
1781 4270 1956 4330 Dubl.
