3275 5317
644 549 789 607 SUR
830 547 973 607 SON
1010 549 1651 609 ADMINISTRATION
1693 549 2122 609 ABBATIALB.
2325 549 2352 602 1
2365 546 2442 603 75

326 696 535 753 tuum
559 679 983 753 mirabiliter
1012 705 1259 780 capax,
1295 680 1353 752 si
1388 704 1537 751 non
1568 694 1864 751 vexetur
1893 704 1936 751 a
1967 674 2440 751 servientibus

326 796 603 869 domini
643 796 851 892 regiS,
914 820 1038 869 seu
1079 798 1367 889 nostris,
1418 794 1760 868 omnibus
1805 794 2022 867 bonis
2070 792 2434 867 exuberat.

326 916 525 1007 Quae,
562 936 693 1011 per
721 912 1071 985 incuriam
1099 928 1655 1011 procuratorum
1670 918 1692 953 ¹
1733 934 1897 983 raro
1933 910 2201 983 inculta
2233 906 2440 979 habi-

322 1042 584 1120 tatore,
622 1027 717 1099 ad
756 1042 1030 1101 tantam
1070 1027 1552 1101 declinaverat
1596 1028 1946 1127 inopiam,
1995 1042 2104 1117 ut,
2143 1048 2316 1097 cum
2345 1022 2440 1095 ad

321 1168 679 1217 cameram
720 1143 1354 1216 calciamentorum
1410 1142 1718 1215 ecclesiae
1752 1142 1874 1239 huj
1882 1168 1966 1215 us
2011 1142 2432 1241 pertineret,

321 1258 522 1332 nullo
550 1257 771 1331 modo
802 1283 885 1331 ea
910 1258 1317 1357 persolvere
1339 1258 1623 1331 valeret.
1653 1257 1830 1331 Inde
1851 1274 2006 1330 erat
2021 1257 2247 1356 quod,
2270 1280 2440 1329 cum

318 1374 395 1447 in
425 1399 649 1448 manu
680 1374 960 1447 abbatis
987 1400 1125 1474 pro
1144 1374 1427 1448 defectu
1458 1372 1687 1446 debiti
1719 1389 2172 1465 remaneret,‘
2191 1375 2442 1471 singu-

319 1490 409 1562 lis
434 1492 638 1563 annis
674 1490 1145 1563 servientibus
1177 1490 1498 1587 ejusdem
1530 1504 1734 1562 terrae
1764 1514 1900 1588 pro
1931 1491 2220 1586 triginta
2237 1492 2442 1567 libris

320 1607 635 1680 totaliter
675 1631 835 1679 eam
865 1605 1174 1681 locabat.
1219 1608 1455 1694 Quam
1485 1630 1655 1678 cum
1689 1604 2102 1705 dissipatam
2148 1624 2222 1680 et
2253 1634 2437 1709 pene

316 1723 395 1795 in
445 1722 904 1797 solitudinem
954 1722 1312 1795 redactam
1352 1723 1427 1794 in
1477 1723 1798 1795 novitate
1834 1723 2269 1821 praelationis
2303 1752 2436 1800 no-

318 1854 484 1911 strae
526 1839 1059 1937 reperissemuS‚
1116 1838 1533 1911 charissimo
1592 1838 1892 1911 domino
1957 1854 2212 1913 nostro
2290 1842 2437 1938 regi

318 1958 762 2027 Francorum
820 1954 1215 2046 Ludovi00‚
1282 1954 1489 2050 cujus
1544 1955 1906 2028 nobilitati
1964 1969 2112 2027 tam
2181 1956 2438 2030 devote

316 2092 545 2165 quam
591 2066 893 2142 fideliter
930 2068 1287 2141 deservire
1342 2068 1861 2164 satagebamus,
1911 2084 2192 2142 tantum
2225 2072 2440 2144 eccle-

316 2184 439 2254 siae
466 2182 975 2255 detrimentum
1011 2184 1489 2282 exposuimus.
1547 2186 1688 2271 Qui
1721 2186 1937 2256 etiam
1969 2186 2044 2256 in
2075 2184 2214 2257 hac
2247 2202 2432 2259 terra

311 2298 797 2371 intolerabiles
838 2314 911 2371 et
949 2322 1131 2397 pene
1160 2300 1700 2397 consumptivas
1731 2298 2285 2373 consuetudines
2315 2300 2434 2374 ha-

312 2412 566 2507 bebat,
600 2414 933 2489 videlicet
964 2429 1105 2486 tres
1142 2416 1216 2485 in
1249 2438 1441 2487 anno
1485 2416 2054 2513 procurationeS,
2086 2440 2308 2488 unam
2339 2417 2429 2491 de

312 2529 651 2602 collecta²
680 2530 1143 2618 rusticorum,
1172 2528 1674 2601 sufficientem⁸
1703 2544 1854 2603 tam
1887 2530 2021 2602 sibi
2043 2556 2260 2629 quam
2288 2533 2430 2606 suis

312 2641 1065 2734 amministrantibus⁸,
1102 2643 1399 2717 duas-de
1425 2644 1739 2741 propriis
1768 2644 2168 2719 redditibus
2195 2650 2433 2721 Sancti

312 2758 669 2855 Dionysii,
708 2782 847 2853 qua
876 2756 1275 2830 calamitate
1311 2773 1501 2830 terra
1530 2760 1818 2856 penitus
1841 2760 2425 2835 consumebatur.

314 2876 492 2962 Qui,
526 2888 609 2945 ut
642 2886 789 2944 erat
825 2874 1097 2945 eximiae
1146 2872 1612 2964 liberalitatis,
1651 2875 1958 2949 ecclesiae
1997 2892 2278 2950 tantum
2313 2877 2434 2951 de·

308 2988 738 3059 trimentum
780 3003 854 3059 et
895 3012 1297 3088 pauperum
1345 2990 1666 3084 angarias
1703 2991 2078 3065 miseratus
2095 3050 2118 3085 ‚
2166 2996 2430 3067 amoris

312 3120 389 3177 et
420 3102 698 3176 servicii
741 3104 969 3176 nostri
1000 3103 1403 3197 benivoluS,
1450 3107 2032 3202 procurationem
2085 3106 2283 3182 illam
2338 3111 2431 3185 de

311 3218 839 3292 dominicatura
896 3219 1205 3292 ecclesiae
1248 3238 1319 3294 et
1354 3219 1567 3293 nobis
1596 3222 1672 3293 in
1703 3236 2132 3321 perpetuum
2173 3226 2434 3297 relaxa-

308 3334 441 3407 vit.
494 3332 699 3409 Illam
732 3360 934 3427 veru,
988 3360 1149 3433 quae
1185 3334 1407 3409 fiebat
1443 3335 1538 3409 de
1592 3336 1888 3410 collecta
1961 3340 2425 3430 rusticorum,

311 3464 481 3523 octo
509 3450 857 3524 librarum
890 3450 1137 3524 debito
1169 3451 1458 3548 singulis
1486 3453 1694 3526 annis
1731 3452 1866 3526 sub
1897 3469 2253 3553 praecepto
2306 3479 2422 3526 re-

312 3566 445 3662 gioe
500 3568 885 3665 majestatis
941 3566 1275 3641 firmavit.
1338 3569 1555 3666 Cujus
1610 3568 1976 3642 exhilarati
2037 3567 2421 3661 beneficiO,

316 3700 685 3782 usurpatas
712 3700 785 3757 et
810 3684 1144 3757 alienatas
1166 3699 1317 3758 tam
1348 3708 1391 3757 a
1420 3686 1690 3783 majore
1717 3710 1938 3783 quam
1968 3684 2060 3757 ab
2097 3684 2251 3758 aliis
2280 3701 2426 3758 ter-

398 3892 461 3997 1.
500 3892 930 3949 Procurator-um
972 3890 1106 3951 cod.
1149 3909 1259 3951 ωε.
1304 3922 1386 3936 -
1426 3887 1822 3950 Habitatorum
1859 3888 1998 3953 edit.
2046 3890 2283 3966 Ghaen„
2323 3891 2429 3953 sed

309 3979 737 4149 mage-Coum,
772 4075 1067 4155 mendose,
1094 4075 1190 4138 ed.
1222 4075 1435 4137 Chesn.

399 4172 459 4229 3.
484 4170 897 4247 Sufficientz'am
922 4170 1054 4230 cod.
1088 4189 1199 4233 ms,

396 4266 458 4323 4.
484 4266 1037 4325 Ammim'strantium
1060 4263 1197 4323 cod.
1226 4283 1337 4329 ms·
