3275 5317
836 558 910 616 32
1270 556 1598 614 OEuvnss
1639 540 2063 615 commus
2102 558 2203 617 m:
2246 558 2512 618 suem.

831 688 1181 788 Equidem
1208 688 1679 761 deliberatum
1706 702 1813 761 est
1840 692 2102 781 Romae,
2130 705 2430 788 propter
2458 694 2947 764 Romanorum

831 804 1344 877 conductitiam
1377 802 1791 901 perfidiam,
1837 804 1927 875 de
1969 804 2313 901 praefatiS,
2366 805 2515 876 imo
2572 804 2663 877 de
2707 805 2949 879 omni-

831 919 968 993 bus
994 918 1527 1016 quaestionibuS,
1574 920 1794 992 tutius
1818 923 1836 957 ¹
1864 919 2047 1015 regis
2074 934 2145 991 et
2174 920 2359 1015 regis
2381 919 2510 992 filii
2536 936 2609 992 et
2630 919 2949 995 ecclesiae

834 1035 1208 1108 Gallicanae
1259 1035 1332 1107 in
1372 1034 1669 1107 Francia
1694 1059 1911 1132 quam
1941 1034 2013 1106 in
2043 1034 2224 1106 urbe
2256 1034 2647 1133 disceptare
2680 1036 2947 1107 suffra·

835 1153 950 1248 gio
987 1153 1032 1223 ¹.
1069 1152 1276 1223 Venit
1306 1152 1546 1249 itaque
1573 1150 2017 1243 Cluniacum,
2064 1174 2105 1221 a
2135 1150 2480 1223 Cluniaco
2505 1150 2597 1223 ad
2620 1152 2949 1225 Charita-

841 1283 988 1341 tem
1004 1270 1052 1359 ⁸,
1087 1266 1215 1339 ubi
1269 1264 1735 1339 celeberrimo
1779 1266 2481 1366 archiepiscoporum
2534 1282 2606 1340 et
2658 1268 2946 1366 episco-

839 1406 1102 1482 porum
1159 1397 1233 1454 et
1275 1382 1651 1454 monastici
1693 1382 1965 1454 ordinis
2011 1396 2368 1455 conventu
2431 1382 2667 1457 eidem
2716 1382 2953 1455 nobili

838 1500 1270 1572 monasterio
1291 1502 1590 1572 sacram*
1603 1497 2071 1571 dedicationis
2093 1498 2455 1597 imposuit.
2477 1498 2857 1571 Affuerunt
2875 1512 2953 1572 et

833 1614 1218 1687 nobiliores
1263 1613 1460 1710 regni
1497 1638 1847 1713 proceres,
1881 1614 2067 1686 inter
2100 1639 2287 1711 quos
2322 1630 2396 1687 et
2444 1613 2717 1712 dapifer
2760 1616 2953 1711 regis

837 1730 1166 1826 Franciae,
1209 1729 1472 1802 nobilis
1497 1754 1739 1802 comes
1767 1729 1857 1802 de
1899 1734 2097 1828 Rupe
2137 1730 2355 1821 Forti,
2401 1728 2702 1802 domino
2742 1754 2951 1829 papae

836 1846 1090 1919 missus
1101 1847 1437 1935 occurrit,
1451 1859 1532 1917 ut
1545 1845 1612 1919 ei
1629 1860 1967 1942 tanquam
1987 1846 2172 1943 patri
2198 1844 2544 1944 spirituali
2560 1870 2691 1944 per
2708 1861 2945 1918 totum

838 1986 1138 2058 regnum
1193 1962 1344 2059 ejus
1406 1960 1857 2059 beneplacito
1913 1960 2326 2033 deserviret.
2394 1963 2527 2032 Cui
2574 1986 2951 2035 consecra-

841 2077 1016 2149 tioni
1047 2090 1116 2149 et
1147 2102 1278 2148 nos
1306 2076 1443 2176 ipsi
1475 2076 1954 2168 interiuimuS,
1991 2092 2065 2148 et
2109 2091 2359 2148 contra
2394 2076 2771 2149 dominum
2803 2079 2952 2175 epi-

837 2216 1134 2291 scopum
1158 2192 1618 2263 Parisiensem
1644 2189 1993 2265 Galonem
2004 2194 2051 2281 ⁸,
2076 2192 2321 2264 multis
2346 2193 2807 2291 querimoniis
2832 2218 2953 2266 ec-

835 2307 1122 2380 clesiam
1150 2307 1344 2379 beati
1372 2308 1696 2402 Dionysii
1713 2308 2115 2402 agitantem,
2154 2310 2228 2379 in
2258 2324 2643 2406 conspectu
2671 2307 2951 2381 domini

835 2446 1035 2522 papae
1059 2422 1358 2496 viriliter
1389 2422 1671 2515 stand0‚
1707 2437 1946 2521 aperta
1974 2424 2249 2495 ratione
2296 2439 2367 2496 et
2398 2424 2744 2496 canonico
2757 2424 2951 2521 judi·

837 2537 950 2609 cio
977 2538 1462 2611 satisfecimus.
1508 2542 1833 2634 Cumque
1857 2538 2157 2610 Turonis
2184 2538 2374 2637 apud
2402 2554 2727 2612 sanctum
2758 2544 2949 2611 Mar·

837 2653 1094 2745 tinum,
1126 2668 1213 2726 ut
1257 2680 1412 2725 mos
1456 2668 1562 2725 est
1600 2677 1940 2725 romanus
1958 2658 2008 2740 ⁶⁸,
2052 2654 2337 2750 frigium
2379 2653 2637 2743 ferenS,
2679 2660 2976 2762 ἱεῖσι-ε’

833 2769 1286 2841 Hierusalem
1307 2766 1755 2859 celebrasset,
1787 2768 1880 2839 ad
1906 2768 2380 2842 venerabilem
2407 2767 2597 2842 beati
2622 2771 2949 2869 Dionysii

835 2882 1102 2971 locum,
1122 2898 1466 2981 tanquam
1489 2884 1580 2955 ad
1605 2884 1971 2982 propriam
1994 2884 2183 2957 beati
2210 2885 2397 2957 Petri
2426 2885 2695 2977 sedem,
2723 2885 2949 2959 bene-

833 2996 1477 3070 volusetdevotus
1507 2996 1819 3069 devenit.
1857 3000 1997 3087 Qui
2036 2999 2339 3095 gloriose
2375 3015 2447 3072 et
2472 3002 2638 3073 satis
2662 3002 2945 3101 episco-

834 3111 1092 3209 paliter
1138 3126 1487 3209 receptuS,
1539 3110 1683 3184 hoc
1731 3136 1958 3185 unum
2006 3114 2470 3189 memorabile
2502 3131 2573 3188 et
2604 3118 2945 3191 Romanis

835 3225 1203 3299 insolitum
1232 3241 1302 3298 et
1327 3228 1623 3324 posteris
1652 3227 1944 3324 reliquit
1969 3230 2396 3328 exemplum,
2429 3231 2628 3329 quod
2661 3258 2791 3305 nec
2823 3258 2955 3305 au-

831 3365 1020 3433 rum,
1049 3366 1181 3414 nec
1201 3356 1599 3437 argentum,
1637 3367 1772 3415 nec
1790 3343 2148 3442 preciosas
2178 3346 2591 3418 monasterii
2608 3350 2953 3445 margari-

832 3470 960 3550 tas,
991 3456 1190 3554 quod
1227 3457 1533 3531 multum
1571 3458 1986 3552 timebatur,
2028 3484 2177 3533 non
2216 3475 2494 3535 tantum
2534 3486 2683 3535 non
2720 3462 2947 3535 affec·

911 3706 969 3764 1.
1017 3708 1230 3775 Totius,
1260 3704 1431 3780 male,
1461 3708 1604 3766 133.

911 3798 970 3860 2.
1011 3798 1340 3881 Naufragio
1370 3803 1484 3859 135
1505 3812 1564 3859 et
1584 3798 1719 3859 edd.
1748 3802 1946 3861 Germ.
1976 3820 2043 3860 ac
2068 3802 2281 3863 Chesn.

914 3892 973 3950 3.
1013 3891 1201 3963 Nunc,
1221 3890 1420 3971 vulgo,
1451 3894 1539 3950 La
1573 3894 2133 3954 Charite-suffimen
2168 3892 2452 3975 (Νἱὲννε).

910 3984 970 4041 4.
1011 3986 1432 4042 Sacramentum
1460 3986 1596 4042 133.

907 4082 966 4141 5.
1009 4078 1172 4154 Galo,
1193 4077 1382 4158 primo
1407 4078 1785 4155 Belvacensis,
1810 4084 2009 4161 postea
2034 4080 2365 4144 Parisiensis
2390 4080 2498 4145 suit
2519 4080 2845 4166 episcopus,
2864 4084 2939 4145 ab

827 4193 926 4235 an.
956 4174 1112 4233 1104
1135 4174 1210 4231 ad
1240 4190 1336 4236 au.
1368 4176 1546 4233 1117.
1581 4176 1632 4232 V
1658 4172 1829 4246 infra,
1854 4173 1916 4233 in
1940 4174 2181 4234 Observ.

908 4269 966 4326 6.
1003 4269 1266 4323 Romanis
1292 4268 1430 4337 133,
1465 4266 1643 4339 5925,
1665 4278 1724 4326 et
1745 4266 1885 4328 edit.
1912 4269 2109 4329 Germ.
