3275 5317
1019 543 1140 599 VIE
1170 543 1271 600 DE
1310 542 1531 602 LOUIS
1573 543 1668 600 LE
1713 544 1931 603 GROS.
2430 551 2508 608 15

382 675 659 775 judicio
686 675 938 773 exequi
965 673 1297 767 noluerit,
1334 699 1482 747 non
1509 689 1748 747 tentus
1796 673 2057 772 (neque
2079 675 2274 748 enim
2305 681 2512 748 Fran·

391 818 645 866 corum
674 816 837 864 mos
869 792 1030 890 est),
1066 790 1195 863 sed
1224 791 1587 884 recedenS,
1634 790 1813 888 quid
1846 791 2316 886 incommodi,
2335 792 2513 890 quid

393 909 811 982 calamitatis
868 934 911 981 a
966 908 1158 1004 regia
1219 908 1583 1004 majestate
1635 907 2088 980 subditorum
2156 924 2514 981 mereatur

391 1021 875 1094 contumacia¹
906 1020 1317 1093 festinanter
1354 1018 1885 1092 animadvertit.
1936 1021 2159 1093 Movit
2203 1045 2513 1119 namque

391 1137 743 1210 famosus'
764 1136 1049 1236 juvenis
1088 1135 1281 1207 illico
1328 1159 1528 1207 arma
1572 1135 1647 1207 in
1692 1161 1858 1208 eum
1901 1152 1972 1208 et
2010 1137 2084 1208 in
2127 1136 2514 1235 complices

391 1251 545 1348 ejus
571 1249 1097 1324 confoederatos
1129 1249 1428 1348 (quippe
1458 1248 1870 1322 Matthaeum
1896 1250 2515 1324 Bellimontensem

392 1367 738 1439 comitem
791 1381 863 1439 et
934 1369 1345 1462 Drogonem
1406 1366 1976 1438 Monciacensem
1995 1369 2041 1458 ⁸,
2091 1369 2284 1440 viros
2335 1382 2511 1440 stre·

392 1507 581 1556 nuos
637 1498 710 1555 et
764 1481 1139 1555 bellicosos
1199 1481 1600 1579 asciverat),
1649 1496 1918 1554 terram
1978 1482 2298 1579 ejusdem
2340 1488 2514 1555 Bur-

394 1598 681 1672 chardi⁸
745 1598 1190 1698 depopulans
1209 1651 1229 1691 ,
1308 1597 1700 1695 municipia
1766 1611 1839 1669 et
1896 1599 2210 1672 incurtes
2265 1615 2520 1698 praeter

395 1729 711 1786 castrum
770 1713 1192 1787 subvertens
1245 1710 1736 1811 pessumdedit
1757 1766 1776 1803 ,
1829 1713 2166 1787 incendio
2189 1768 2210 1807 ,
2287 1716 2511 1809 fame,

394 1829 634 1927 gladio
679 1830 1040 1904 contrivit.
1085 1833 1411 1926 Cumque
1456 1829 1547 1901 de
1594 1842 1826 1901 castro
1873 1832 2196 1904 resistere
2251 1833 2519 1931 pariter

396 1946 905 2037 inniterentur,
958 1943 1335 2016 obsidione
1386 1949 1818 2016 Francorum
1863 1960 1936 2016 et
1978 1945 2517 2020 Flandrensium

404 2061 729 2134 Roberti⁸
780 2061 1115 2135 avunculi
1166 2075 1239 2132 et
1288 2085 1591 2133 suorum
1643 2078 1956 2134 castrum
1996 2063 2242 2136 cinxit.
2289 2067 2417 2136 His
2448 2079 2520 2135 et

398 2177 557 2250 aliis
596 2177 1115 2250 conta-itionum
1153 2175 1573 2248 verberibus
1616 2177 2105 2270 humiliatum,
2163 2179 2520 2251 voluntati

399 2308 471 2366 et
486 2291 937 2392 heneplacito
964 2318 1095 2364 suo
1122 2293 1467 2384 curvavit,
1495 2307 1566 2364 et
1594 2293 1986 2390 querelam,
2013 2294 2520 2366 commotionis

398 2433 713 2502 causam,
761 2433 932 2481 cum
968 2409 1446 2480 satisfactione
1494 2409 1840 2505 pacavit⁸.
1883 2412 2293 2504 Drogonem
2348 2433 2520 2481 vero

401 2527 998 2616 Monciacensem‚
1034 2549 1171 2623 pro
1221 2524 1335 2595 his
1386 2538 1457 2595 et
1507 2523 1690 2614 aliis,
1721 2539 1794 2595 et
1849 2525 2156 2598 maxime
2213 2524 2521 2599 ecclesiae

405 2640 811 2713 Belvacensi
854 2640 1175 2734 irrogatis
1222 2638 1524 2736 injuriis,
1570 2661 1960 2734 aggressu5‚
2011 2665 2178 2712 cum
2213 2641 2282 2713 ei
2323 2656 2522 2716 extra

408 2770 723 2828 castrum
746 2754 937 2828 haud
962 2752 1244 2854 procul,
1286 2768 1365 2826 ut
1388 2753 1736 2845 breviori,
1765 2756 1823 2826 si
1855 2755 2158 2848 confert,
2199 2757 2523 2854 regrede-

402 2886 605 2944 retur
655 2872 841 2968 fuga,
891 2895 1059 2943 cum
1117 2895 1373 2966 magna
1428 2868 1718 2942 militari
1775 2871 2124 2966 sagittaria
2181 2897 2397 2946 manu
2450 2886 2521 2944 et

400 2985 757 3060 balistaria
790 2986 1171 3078 obviasset,
1209 2987 1487 3058 irruens
1518 2985 1592 3056 in
1626 3011 1822 3077 eum,
1851 2986 2330 3080 retrocedere,
2367 3011 2518 3060 cas-

404 3117 745 3202 trumque
804 3103 1085 3199 ingredi
1155 3125 1525 3174 armorum
1603 3102 2065 3200 oppressione
2127 3101 2396 3202 absque
2447 3128 2520 3174 se

400 3244 550 3291 non
607 3219 935 3318 permisit
971 3244 988 3288 :
1027 3216 1153 3290 sed
1198 3218 1476 3288 irruens
1520 3216 1710 3289 inter
1751 3241 1876 3288 eos
1918 3233 1990 3290 et
2039 3242 2208 3290 cum
2239 3219 2338 3290 eis
2392 3242 2522 3316 per

398 3351 719 3434 portam,
761 3350 849 3408 ut
892 3349 1045 3406 erat
1108 3331 1535 3405 fortissimus
1559 3331 1939 3430 palaestrita
1989 3348 2062 3404 et
2119 3331 2522 3432 spectabilis

398 3450 781 3546 gladiator,
827 3450 899 3523 in
942 3447 1187 3521 medio
1219 3449 1429 3520 castri
1461 3462 1534 3522 et
1566 3445 1820 3520 crebro
1863 3472 2246 3547 percussus
2280 3461 2508 3520 etcre-

484 3633 513 3689 1
529 3674 545 3688 .
593 3629 1021 3699 Contumeliam,
1050 3625 1347 3702 mendose,
1374 3627 1495 3685 135
1516 3637 1573 3685 et
1600 3625 1693 3685 ed.
1720 3627 1923 3686 Germ.

483 3729 544 3784 2.
586 3729 880 3795 Fumo-tus,
904 3739 1015 3802 pro
1034 3723 1309 3798 famosus,
1341 3721 1474 3781 cod.
1511 3724 1651 3783 543.
1677 3752 1759 3765 —
1779 3725 2080 3779 Formosus
2108 3720 2226 3778 135
2257 3731 2318 3780 et
2343 3719 2480 3781 edd.

486 3823 548 3879 3.
588 3822 1042 3877 Manliae-ensem
1070 3819 1294 3875 543.-
1318 3818 1779 3872 Manciae-ensem
1805 3815 2110 3876 12710.-
2132 3814 2320 3894 Vulgo
2339 3819 2520 3888 Mou-

399 3913 829 3984 ehr-le-detel
856 3907 1062 3990 (Oise).
2607 3901 2619 3915 ⁴

487 4011 544 4066 4.
588 4006 873 4064 But-cardi
901 4005 1018 4062 135
1044 4023 1113 4060 ac
1142 4004 1318 4062 5925.
1347 4033 1429 4047 —
1455 4002 1748 4062 Bucltardc'
1784 4003 1963 4064 6265.

485 4104 545 4159 5.
588 4096 829 4159 Roberti
876 4099 956 4169 11,
1002 4093 1282 4156 Flandriae
1322 4093 1571 4170 comitis,
1613 4095 1717 4175 qui
1749 4093 1936 4156 dictus
1981 4107 2067 4153 est
2106 4093 2520 4172 Hierosolymi-

398 4203 569 4250 tanus

488 4289 548 4345 6.
574 4235 853 4344 ‘Piae-avit
878 4288 995 4344 135
1025 4295 1197 4361 atque
1220 4282 1312 4342 ed.
1346 4283 1544 4342 Germ.
