3275 5317
704 620 805 675 DE
843 620 941 677 LA
976 602 1533 677 coNsssCRA'non
1574 620 1676 675 nt:
1712 620 2210 681 SAmT-DEMS.
2415 623 2530 681 235

417 752 629 825 tionis
661 750 1035 845 mysteriis,
1058 761 1354 822 ventum
1382 760 1489 820 est
1508 746 1605 820 ad
1634 762 2039 821 sanctarum
2070 750 2528 849 reliquiarum

413 866 916 965 repositionem
930 919 949 957 ,
1000 862 1092 936 ad
1150 878 1560 935 sanctorum
1604 862 2074 936 dominorum
2118 882 2530 942 nostrorum

413 982 747 1077 antiquos
788 994 862 1051 et
912 977 1357 1051 venerandos
1404 976 1720 1050 tumulos
1767 979 2192 1053 accessimus
2249 982 2527 1082 (neque

412 1094 605 1167 enim
652 1095 891 1168 adhuc
932 1094 1025 1167 de
1056 1094 1219 1167 loco
1254 1117 1384 1165 suo
1418 1108 1611 1165 mota
1675 1094 1932 1189 erant).
1997 1100 2529 1173 Prosternentes

412 1226 651 1283 autem
688 1236 763 1282 se
802 1226 948 1283 tam
1006 1209 1139 1307 ipsi
1196 1208 1571 1307 pontifices
1627 1234 1847 1307 quam
1891 1209 2228 1285 dominus
2264 1239 2413 1306 rex,
2456 1232 2531 1289 et

410 1352 545 1399 nos
592 1352 871 1419 omneS,
922 1340 1272 1424 quantum
1308 1350 1441 1423 pro
1492 1324 1635 1397 loci
1689 1328 2010 1420 angustia
2064 1330 2528 1425 permitteba-

411 1467 619 1535 mur,
670 1442 1010 1541 inspectis
1056 1443 1223 1514 isto¹
1274 1456 1531 1539 operto
1579 1442 2008 1515 venerandis
2040 1444 2316 1518 scriniis
2357 1471 2525 1543 rege

410 1558 820 1654 Dagoberto
874 1558 1259 1650 fabricatiS,
1324 1558 1397 1627 in
1445 1555 1710 1654 quibus
1771 1559 2212 1632 sanctissima
2261 1576 2336 1635 et
2371 1566 2526 1636 Deo

412 1672 625 1745 chara
674 1698 929 1747 eorum
984 1670 1541 1745 continebantur
1575 1696 1905 1771 corpora,
1965 1675 2222 1770 gaudio
2275 1678 2528 1750 inaesti-

410 1788 659 1861 mabili
694 1788 1093 1888 psallebant
1143 1802 1215 1860 et
1284 1786 1554 1860 flebant
1576 1842 1595 1879 ,
1659 1812 2040 1888 regemque
2103 1807 2250 1864 tam
2311 1792 2535 1867 devo-

411 1919 567 1976 tum
618 1928 839 2003 quam
882 1903 1232 1975 humilem
1262 1904 1726 1975 accersientes
1765 1930 1786 1975 :
1830 1934 1866 1972 c<
1903 1905 2120 1998 Vade,
2161 1909 2523 2005 inquiunt,

418 2048 453 2085 α
506 2034 577 2091 et
649 2036 725 2091 tu
812 2020 963 2117 ipse
1026 2018 1371 2115 ‘manibus
1438 2020 1575 2091 tuis
1641 2017 2022 2093 dominum
2080 2036 2152 2093 et
2237 2038 2526 2123 aposto·-

418 2165 453 2203 «
506 2133 657 2205 lum
710 2148 781 2206 et
824 2149 1308 2233 protectorem
1368 2148 1696 2205 nostrum
1755 2134 1901 2207 huc
1944 2136 2196 2208 afferre
2239 2136 2524 2232 adjuva,

418 2278 453 2314 a
507 2264 585 2321 ut
617 2248 1126 2321 sacratissimos
1178 2248 1455 2323 cineres
1503 2273 1958 2340 veneremur,
2028 2252 2526 2323 sacratissimas

414 2394 449 2433 α
504 2390 719 2436 urnas
788 2364 1325 2463 amplectamur,
1410 2377 1565 2435 toto
1628 2378 1958 2461 tempore
2039 2365 2196 2437 vitae
2271 2384 2526 2439 nostrae

413 2512 449 2549 α
504 2506 619 2554 eas
669 2482 1085 2579 suscepisse,
1144 2503 1261 2551 eas
1329 2479 1641 2550 tenuisse
1690 2478 2156 2574 gratulemur.
2219 2480 2311 2552 Hi
2359 2497 2525 2555 sunt

412 2624 449 2662 α
504 2596 698 2667 enim
742 2594 969 2666 sancti
1016 2593 1180 2685 viri,
1230 2594 1357 2690 qui
1407 2617 1540 2690 pro
1588 2607 2018 2667 testamento
2045 2597 2175 2668 Dei
2215 2620 2340 2667 sua
2364 2620 2523 2668 cor·

414 2738 449 2776 α
504 2732 684 2807 pora
718 2707 1190 2799 tradidenmt,
1246 2708 1371 2805 qui
1412 2731 1550 2805 pro
1600 2708 1822 2780 salute
1855 2724 2121 2802 nostra,
2161 2711 2518 2783 charitatis

415 2854 451 2891 α
506 2825 668 2919 igne
684 2824 991 2915 accensi,
1015 2838 1275 2895 terram
1300 2846 1503 2894 suam
1533 2840 1605 2895 et
1634 2826 2144 2920 cognationem
2166 2827 2515 2917 exierunt,

281 2986 291 2997 .
412 2969 448 3006 α
505 2941 629 3038 qui
648 2939 869 3012 fidem
889 2942 1054 3012 Jesu
1068 2939 1330 3011 Christi
1353 2940 1744 3037 apostolica
1766 2944 2190 3016 auctoritate
2223 2969 2518 3016 omnem

412 3086 447 3123 α
500 3056 805 3128 Galliam
858 3053 1326 3147 edocuerunt,
1365 3078 1499 3153 pro
1548 3080 1639 3127 eo
1689 3057 1984 3129 viriliter
2035 3074 2511 3153 certaverunt,

412 3196 447 3236 α
498 3167 675 3240 nudi
710 3170 962 3264 virgas,
1009 3166 1202 3263 ligati
1236 3166 1504 3239 feroces
1534 3182 1605 3240 et
1624 3168 1982 3243 famelicas
2017 3170 2277 3246 bestias
2303 3198 2518 3245 com-

410 3312 447 3351 «
500 3299 952 3381 pescuerunt,
1000 3281 1282 3381 equulei
1332 3284 1846 3379 extensionem,
1900 3286 2160 3359 clibani
2217 3300 2550 3362 succen-'

410 3430 445 3466 α
501 3402 774 3473 sionem
800 3400 1019 3491 illaesi,
1046 3399 1483 3497 demumque
1514 3400 1867 3475 hebetatis
1899 3404 2266 3476 securibus
2312 3402 2518 3475 deca-

412 3545 446 3582 α
500 3517 921 3613 pitationem
978 3515 1256 3588 felicem
1309 3517 1821 3589 sustinuerunt.
1884 3522 2023 3612 Age
2083 3518 2327 3611 igitur,
2389 3542 2514 3591 rex

411 3660 449 3701 ot
500 3631 1075 3704 christianissime
1093 3688 1111 3723 ,
1166 3632 1461 3703 beatum
1508 3634 1970 3729 suscipiamus
2024 3644 2514 3727 susceptorem

409 3776 447 3815 α
500 3762 830 3819 nostrum
886 3748 1334 3843 Dionysium,
1368 3748 1782 3847 suppliciter
1813 3746 2202 3841 flagitantes
2248 3761 2329 3819 ut
2374 3772 2514 3845 pro

414 3892 449 3931 α
502 3862 711 3934 nobis
740 3876 935 3960 petat
962 3860 1055 3933 ab
1088 3887 1176 3933 eo
1218 3863 1341 3959 qui
1376 3861 1684 3933 fideliter
1711 3860 2078 3957 promisit3
2117 3858 2406 3935 dilectio
2439 3880 2513 3938 et

409 4006 445 4046 α
497 3977 893 4072 benignitas
942 4000 1159 4074 quam
1198 3976 1421 4050 habes
1454 4001 1736 4074 semper
1766 4001 1899 4074 pro
1939 3974 2511 4075 quibuscumque

411 4122 447 4160 α
499 4093 785 4191 petieris
842 4092 1274 4191 impetrabit.
1310 4124 1345 4161 n
1394 4093 1725 4164 Protinus
1783 4091 2030 4164 lacerti
2096 4108 2505 4183 moventur,

483 4344 547 4405 1.
580 4348 737 4401 Ostio
759 4341 1057 4421 corrigunt
1078 4344 1297 4401 Bened.
