3275 5317
840 361 955 416 404
1279 358 1613 414 OEnvans
1651 344 2078 415 comparas
2117 358 2216 413 DE
2263 356 2532 413 sunan.

836 494 909 566 Si
928 492 1147 582 enim,
1170 514 1340 563 cum
1362 488 1599 561 adhuc
1625 487 1815 561 mole
1840 503 2290 586 premeretur
2303 490 2654 587 corporis,
2673 504 2934 561 tantam

836 632 970 705 pro
1015 604 1349 679 fratribus
1386 602 1679 700 gerebat
1709 602 2286 691 sollicitudinem,
2317 603 2492 701 quid
2523 628 2721 676 nunc
2748 630 2935 700 agere

834 720 1233 795 credendus
1279 734 1409 808 est,
1447 716 1740 815 quando
1783 719 2019 790 carnis
2061 719 2292 818 ruptis
2333 718 2634 791 vinculis
2675 719 2770 790 ad
2795 719 2930 818 ple·

834 864 1003 911 nam
1044 837 1447 909 libertatem
1479 833 1867 935 perductus
1897 835 2163 907 evasit?
2191 833 2402 907 Haud
2436 833 2740 907 dubium
2773 836 2928 933 quin

832 951 1023 1025 illius
1054 950 1277 1023 modo
1328 974 1571 1049 preces
1620 950 1974 1022 Dominus
2012 951 2400 1022 clementer
2429 949 2786 1039 admittat,
2821 950 2930 1047 qui

830 1066 1121 1139 Domini
1174 1080 1527 1165 praecepta
1580 1080 1655 1137 et
1684 1077 1954 1137 attente
1983 1064 2258 1138 audivit
2297 1080 2372 1137 et
2405 1064 2790 1159 diligenter
2817 1066 2930 1136 im·

828 1182 1077 1279 plevit.

979 1570 1275 1619 Lim-rnna:
1324 1569 1716 1617 morcucffi
1763 1568 2167 1616 comanus
2213 1568 2446 1618 sauci-1
2497 1570 2792 1617 mensu

1338 1686 1427 1733 nte
1478 1682 1716 1731 noim
1765 1682 2039 1733 soant-11
2089 1684 2367 1732 Ananis
2393 1662 2435 1731 ¹.

926 1945 1286 2019 Omnibus
1334 1943 1668 2017 fidelibus
1717 1943 1982 2041 ubique
2045 1946 2118 2015 in
2178 1942 2460 2017 Christo
2513 1944 2924 2029 constitutis,

830 2060 1125 2134 humilis
1174 2062 1362 2133 Beati
1408 2060 1724 2157 Dionysii
1762 2074 2159 2132 conventus
2203 2059 2535 2150 salutem,
2591 2075 2658 2132 et
2689 2084 2818 2157 pro
2853 2084 2928 2132 m

830 2203 991 2275 quae
1041 2177 1115 2248 in
1155 2177 1481 2275 praesenti
1518 2174 1946 2275 postulatur,
1981 2190 2318 2247 aeternam
2351 2176 2424 2247 in
2453 2175 2652 2248 coelis
2689 2200 2925 2249 conse-

832 2293 957 2389 qui
985 2291 1574 2364 consolationem.

930 2405 1519 2479 Reverendissimi
1538 2411 1563 2446 ⁸
1589 2421 1660 2480 et
1693 2408 1827 2506 piae
1853 2406 2367 2479 recordationis
2389 2408 2662 2503 Sugerii
2679 2410 2704 2446 ³
2731 2406 2932 2479 abba-

828 2522 919 2594 tis
950 2522 1339 2617 gloriosum
1379 2520 1470 2594 de
1508 2521 1652 2594 hoc
1685 2519 1964 2593 mundo
1999 2522 2377 2594 transitum
2405 2538 2666 2595 sancta!
2693 2523 2932 2595 unani-

830 2637 1061 2709 mitati
1092 2653 1337 2710 vestrae
1368 2636 1664 2733 dignum
1697 2637 2032 2710 duximus
2064 2637 2418 2727 intimare,
2452 2652 2559 2731 ut,
2598 2640 2672 2709 in
2699 2638 2934 2709 dolore

832 2774 981 2847 quo
1030 2750 1611 2824 inaestimabiliter
1630 2752 2066 2824 consternati
2095 2776 2367 2841 sumus,
2395 2778 2436 2826 a
2465 2754 2759 2827 caritate
2787 2778 2933 2825 ves·

830 2880 943 2939 tra
978 2867 1379 2939 remedium
1423 2866 1715 2965 aliquod
1763 2866 1994 2938 solatii
2038 2883 2516 2966 reportemus,
2556 2868 2700 2957 Qui
2755 2868 2930 2941 enim

832 2981 1044 3053 unius
1078 2982 1329 3081 capitis
1360 3006 1615 3055 omnes
1647 2982 1860 3055 simul
1889 2996 1962 3054 et
2005 2982 2262 3079 singuli
2293 2982 2622 3055 membra
2667 3008 2924 3073 sumus»,

834 3111 1117 3171 constat
1145 3096 1314 3194 quia
1346 3112 1613 3170 mutuae
1661 3098 2172 3197 compassionis
2225 3098 2533 3171 invicem
2583 3099 2932 3173 debitores

833 3212 1219 3286 existimus.
1254 3214 1529 3310 Itaque,
1562 3213 1729 3285 licet
1758 3228 2198 3286 memoratus
2227 3228 2300 3286 et
2328 3214 2665 3287 omnibus
2693 3212 2936 3287 seculis

831 3326 1346 3400 memorandus
1390 3342 1595 3427 pater
1640 3352 1776 3426 pro
1822 3330 2156 3425 singulari
2189 3330 2558 3427 sapientia,
2599 3356 2736 3429 pro
2765 3346 2935 3403 stre·

831 3443 1105 3514 nuitate
1136 3458 1209 3516 et
1240 3443 1589 3515 industria
1622 3468 1746 3517 sua
1767 3442 1928 3517 orbi
1957 3468 2140 3543 pene
2165 3445 2504 3519 universo
2525 3446 2930 3533 innotuerit,

910 3706 939 3761 1
954 3744 971 3761 .
1008 3700 1182 3763 Nullo
1210 3701 1382 3761 affixo
1408 3700 1597 3762 codici
1624 3720 1764 3773 ms„
1797 3702 1906 3763 iste
1931 3703 2243 3784 praefigitur
2265 3704 2466 3765 titulus
2489 3703 2728 3765 editioni
2757 3708 2936 3766 Bene·

828 3792 1199 3857 dictinorum.
1224 3829 1308 3842 -
1332 3800 1422 3854 De
1446 3798 1674 3874 Sugerii
1713 3795 1936 3854 abbatis
1975 3818 2208 3856 excessu
2239 3802 2483 3877 epiuola
2515 3798 2576 3859 in
2617 3800 2808 3859 [rome
2833 3799 2934 3858 hn-

826 3888 927 3950 bet
948 3888 1123 3949 editio
1144 3888 1379 3949 baronis
1404 3890 1478 3948 de
1505 3886 1746 3948 Altolio.

908 3986 969 4041 2.
1004 3984 1454 4041 Rei-cremissimi
1478 4000 1589 4040 ms.
1620 3981 1754 4043 cod.

908 4080 971 4135 3.
1000 4080 1265 4153 Sugga-ie·
1292 4074 1394 4135 dat
1419 4072 1548 4133 cod.
1580 4092 1716 4147 mm,
1742 4086 1808 4133 ut
1833 4077 1982 4156 sepe
2005 4088 2065 4137 et
2089 4076 2210 4140 alii.

3167 2308 3170 2447 1

3165 2540 3168 2699 Ι

3163 2792 3166 2951 1

3161 3046 3164 3205 J

3159 3298 3162 3457 Ι

3157 3524 3160 3711 l

3155 3804 3158 3963 J

3153 4074 3156 4217 t

3151 4336 3154 4469 ὲ

3149 4578 3152 4723 t

3147 4832 3150 4975 l
