3275 5317
863 524 973 581 192
1246 600 1255 607 .
1308 518 1629 577 oeums
1667 500 2090 577 courrieres
2129 520 2229 575 m:
2267 518 2532 581 suom.

856 650 1427 749 promptissimos
1500 663 1827 748 sumptus
1887 650 2037 721 sere
2083 648 2700 747 'septingentarum
2753 650 2960 725 libra-

860 789 1025 838 rum
1067 778 1191 837 aut
1226 788 1313 837 eo
1360 764 1662 863 amplius
1715 763 2347 860 administraverit,
2399 766 2958 863 peragendorum

861 880 1369 977 supplementis
1426 878 1958 952 liberalissimus
2033 880 2390 952 Dominus
2453 880 2760 954 deficere
2813 907 2958 955 non

862 994 1257 1067 sustinebit.
1296 999 1417 1068 Est
1448 996 1715 1068 etenim
1745 996 2026 1069 initium
2064 1009 2135 1067 et
2167 994 2356 1069 finis.

1309 1232 1523 1303 XXX.
1566 1234 1672 1301 De
1720 1234 2156 1304 ornamentis
2197 1228 2530 1303 ecclesiae.

960 1435 1569 1508 ornamentorum
1613 1436 1828 1508 etiam
1861 1436 2169 1509 ecclesiae
2201 1433 2776 1534 descriptionem,
2799 1436 2958 1533 qui-

863 1549 1000 1622 bus
1024 1575 1279 1622 manus
1314 1550 1555 1623 divina
1573 1549 2207 1625 administrationis
2221 1566 2482 1624 nostrae
2505 1564 2828 1649 tempore
2851 1574 2958 1623 ec·

864 1666 1147 1738 clesiam
1170 1690 1372 1738 suam
1404 1689 1738 1764 sponsam
1771 1682 2092 1739 vocatam
2121 1666 2512 1758 exornavit,
2547 1690 2642 1737 ne
2658 1666 2960 1739 veritatis

864 1780 1116 1854 aemula
1152 1780 1491 1880 subrepat
1522 1780 1796 1855 oblivio
1833 1798 1905 1855 et
1935 1782 2340 1882 exemplum
2373 1781 2646 1854 auferat
2681 1782 2955 1876 agendi,

866 1896 1228 1969 intitulare
1258 1895 1575 1992 dignum
1639 1895 2000 1972 duximus,
2039 1897 2434 1970 Dominum
2477 1911 2805 1969 nostrum
2855 1912 2959 1968 ter

866 2011 1157 2084 beatum
1174 2012 1596 2109 Dionysium
1630 2026 1778 2084 tam
1809 2012 2113 2109 largum,
2131 2027 2281 2085 tam
2302 2011 2692 2107 benignum
2713 2026 2782 2084 et
2797 2034 2962 2083 con-

868 2128 1155 2201 fitemur
1184 2141 1257 2199 et
1284 2127 1776 2227 praedicamuS,
1799 2143 1882 2201 ut
1911 2143 2021 2202 tot
2051 2143 2126 2201 et
2153 2143 2351 2201 tanta
2378 2127 2752 2201 credamus
2773 2126 2958 2227 apud

868 2246 1099 2313 Deum
1118 2241 1461 2336 effecisse,
1487 2258 1600 2315 tot
1622 2257 1695 2315 et
1711 2258 1906 2315 tanta
1918 2242 2355 2344 impetrasse,
2375 2257 2458 2315 ut
2483 2240 2960 2341 centupliciter

869 2382 1085 2455 quam
1114 2356 1822 2431 fecerimus‘ecclesiae
1844 2358 2032 2433 illius
2057 2359 2440 2458 profecisse
2453 2358 2953 2458 potuissemus,

869 2473 923 2546 si
952 2473 1283 2569 fragilitas
1319 2475 1658 2568 humana,
1697 2475 1751 2545 si
1785 2475 2082 2547 varietas
2111 2490 2542 2574 temporum,
2581 2476 2641 2546 si
2681 2472 2962 2545 mobili-

870 2602 977 2660 tas
990 2612 1281 2661 morum
1303 2614 1448 2662 non
1478 2590 1870 2663 restitisset.
1893 2594 2070 2678 Quae
2087 2605 2323 2664 tamen
2343 2591 2436 2683 ei,
2457 2596 2612 2665 Deo
2629 2590 2956 2681 donante,

872 2704 1409 2797 reservavimus,
1444 2704 1597 2777 haec
1630 2720 1824 2779 sunt.

1287 2966 1503 3037 XXXI
1515 3018 1532 3037 .
1569 2968 1672 3035 De
1693 2962 1930 3035 cabula
1953 2962 2176 3037 aurea
2191 2968 2562 3064 superiori.

976 3170 1053 3240 ln
1089 3164 1331 3240 tabula
1373 3167 1520 3261 illa,
1555 3194 1716 3267 quae
1752 3184 1917 3242 ante
1956 3170 2505 3243 sacratissimum
2535 3192 2794 3269 corpus
2823 3168 2970 3267 ejus

872 3282 1154 3373 assistit,
1192 3284 1473 3357 circiter
1495 3285 1958 3382 quadraginta
1989 3285 2165 3358 duas
2181 3285 2974 3385 marcas¹auriposuisse

874 3422 1009 3471 nos
1030 3399 1481 3488 aestimamuS,
1516 3425 1958 3496 gemmarum
1988 3403 2474 3501 preciosarum
2504 3402 2970 3500 multiplicem

874 3516 1181 3615 copiam,
1215 3516 1719 3614 jacinctorum‚
1764 3515 2220 3609 rubetorum,
2271 3518 2749 3617 saphirorum,
2784 3540 2968 3588 sma-

874 3630 1277 3728 ragdinum,
1326 3633 1799 3731 topaziorum,
1833 3656 2112 3705 necnon
2145 3648 2216 3705 et
2249 3658 2431 3731 opus
2485 3631 2974 3705 discriminan-

874 3746 1058 3819 tium
1081 3749 1467 3820 unionum²
1511 3762 1857 3845 quantam
1883 3772 2014 3819 nos
2051 3749 2356 3845 reperire
2393 3770 2766 3846 nunquam
2797 3770 2972 3845 prae·

956 3963 985 4021 1
1001 4005 1015 4020 .
1046 3962 1185 4035 Quae
1214 3980 1493 4021 summam
1515 3959 1744 4021 circiter
1767 3965 1832 4022 31
1859 3964 1973 4021 500
2001 3959 2276 4023 librarum
2300 3960 2708 4023 hodiernamm
2729 3958 2982 4022 efficiunt

874 4052 1311 4209 OEzliegggrva
1340 4148 1561 4209 nullum
1584 4146 1682 4207 hic
1707 4149 2069 4209 adamantem
2103 4168 2439 4225 occurrere3
2467 4166 2572 4211 nec
2601 4148 2834 4225 mirum,
2857 4160 2979 4210 arte

878 4236 1045 4322 hujus
1068 4240 1426 4321 perpoliendi
1447 4242 1703 4304 nondum
1731 4241 1961 4303 inventa
1995 4240 2286 4323 (Bened.).
