3275 5317
874 570 990 629 3¹⁶6
1292 568 1619 628 OEums
1657 548 2086 625 comus-ms
2125 568 2226 624 nn
2265 569 2531 631 strena.

868 699 1043 774 inde
1068 700 1349 797 jurare,
1402 712 1529 770 aut
1568 722 1702 797 per
1747 722 1822 771 se
1872 714 1999 771 aut
2053 722 2186 797 per
2247 698 2541 796 legalem
2601 726 2966 800 personam

873 816 1025 889 sine
1076 814 1313 913 aliqua
1362 814 1930 886 contradictione
1981 830 2296 888 teneant.
2350 820 2442 888 Ut
2489 831 2734 889 autem
2781 820 2962 889 omni

872 932 1201 1005 omnium
1231 946 1644 1027 temporum
1694 929 2136 1002 successione
2181 955 2318 1029 pro
2369 956 2486 1003 me
2517 947 2880 1032 pecoetore
2899 950 2964 1005 et

872 1074 1009 1147 pro
1036 1046 1371 1120 fratribus
1399 1047 1689 1140 nostris,
1713 1061 1862 1118 tam
1894 1046 2356 1145 praesentibus
2373 1074 2592 1146 quam
2616 1052 2970 1148 praeteritis

874 1179 1089 1261 atque
1126 1162 1412 1252 futuriS,
1448 1161 1842 1233 Dominum
1897 1160 2107 1234 nobis
2137 1165 2510 1261 propitiari
2540 1182 2854 1256 exorent,
2885 1166 2971 1238 de

876 1278 1239 1378 opulentia
1255 1292 1502 1349 nostra
1517 1300 1772 1349 eorum
1786 1274 2105 1349 volentes
2121 1278 2644 1376 aliquantulum
2655 1280 2968 1379 supplere

876 1394 1193 1492 inopiam
1242 1392 1455 1491 (servi
1508 1392 1702 1463 enim
1733 1392 1866 1462 Dei
1893 1392 2075 1463 sicut
2103 1407 2179 1465 et
2207 1418 2364 1483 nos,
2397 1397 2724 1467 conservi
2747 1408 2968 1465 autem

876 1526 1043 1583 sunt
1068 1508 1349 1606 nostri),
1363 1505 1787 1606 XLsolidqs,
1803 1530 1986 1603 quos
1999 1507 2574 1605 irrefragabiliter
2586 1509 2678 1583 de
2701 1508 2972 1581 Duolio¹

877 1624 1247 1697 habebunt
1300 1624 1501 1696 omni
1560 1645 1754 1695 anno
1778 1624 1802 1660 ²
1863 1622 1954 1695 de
1999 1646 2216 1696 censu
2273 1626 2502 1697 mansi
2553 1624 2847 1714 Alnufi³‚
2903 1637 2970 1695 et

876 1739 1207 1813 modium
1259 1765 1489 1812 unum
1538 1764 1843 1812 annonae
1877 1740 1949 1811 in
1989 1740 2405 1814 molendino
2435 1767 2618 1833 unc,
2654 1740 2850 1838 quod
2877 1755 2968 1811 est

876 1854 1069 1954 apud
1102 1854 1349 1927 villam
1384 1879 1547 1952 quae
1592 1854 1859 1927 dicitur
1891 1855 2338 1947 Ulmeehon⁸,
2373 1857 2708 1929 modium
2733 1869 2954 1926 autem

878 1972 1025 2041 vini
1058 1972 1133 2042 in
1161 1970 1452 2043 cellario
1483 1985 1556 2042 et
1593 1969 1846 2042 decem
1881 1971 2146 2043 solidos
2175 1971 2268 2044 de
2297 1998 2512 2045 censu
2550 1973 2698 2043 vini
2729 1970 2964 2041 clama-
3053 1960 3060 1965 ⁵

880 2101 1151 2177 torum,
1192 2086 1265 2158 in
1293 2100 1599 2183 utraque
1630 2087 1856 2159 sancti
1901 2086 2102 2159 Pauli
2141 2086 2616 2177 solemnitate,
2655 2086 2750 2157 ad
2785 2110 2970 2157 eano-

880 2203 1207 2275 nieorum
1242 2200 1579 2273 videlicet
1614 2202 2100 2291 refectionem,
2139 2218 2220 2275 ut
2263 2201 2652 2301 jocundius
2690 2216 2760 2272 et
2785 2200 2971 2273 devo·

880 2319 1021 2389 tius
1074 2321 1227 2389 Deo
1266 2332 1658 2413 sanctoque
1711 2315 1930 2388 Paulo
1973 2316 2398 2407 deserviant,
2455 2316 2747 2412 singulis
2791 2314 2971 2387 annis

880 2434 1367 2507 concedimus·
1402 2432 1654 2505 Adhuc
1685 2437 1926 2503 autem
1947 2432 2182 2505 eidem
2208 2432 2517 2505 eeclesiae
2539 2432 2781 2504 Sancti
2797 2428 2970 2502 Pauli

879 2550 1248 2623 ecclesiam
1311 2548 1772 2621 concedimus
1823 2548 2066 2621 Sancti
2120 2548 2487 2641 Johannis,
2555 2571 2719 2645 quae
2771 2560 2872 2617 est
2909 2545 2970 2615 in

882 2667 1061 2739 atrio
1106 2667 1345 2739 Sancti
1390 2666 1714 2763 Dionysii
1764 2665 1920 2753 sita,
1953 2678 2022 2737 et
2055 2664 2512 2737 medietatem
2543 2662 2840 2736 decimae
2863 2685 2968 2732 cu·

880 2782 1159 2880 jusdam
1198 2782 1381 2855 villae
1412 2806 1570 2879 quae
1615 2780 1880 2852 dicitur
1921 2780 2347 2876 Hablegias⁸‚
2385 2795 2456 2853 et
2483 2794 2818 2876 quartam
2839 2798 2970 2874 par·

810 2894 815 2899 ’
880 2912 1025 2969 tem
1054 2896 1345 2969 decimae
1377 2896 1469 2968 de
1500 2893 1974 2967 Barcheniaco
1989 2896 2043 2986 ⁸,
2079 2910 2152 2967 et
2195 2893 2660 2981 medietatem
2705 2892 2970 2965 decimae

882 3012 1174 3085 alterius
1218 3011 1403 3085 villae
1443 3036 1603 3109 quae
1656 3010 1923 3083 dicitur
1971 3012 2468 3109 campiniacus
2489 3014 2536 3081 ⁷.

986 3129 1175 3222 Roga
1183 3127 1412 3199 vimus
1430 3128 1647 3199 etiam
1673 3128 1924 3198 fratres
1937 3140 2220 3198 nostros
2235 3141 2339 3218 ut,
2359 3149 2495 3223 pro
2509 3124 2642 3195 Dei
2657 3144 2894 3195 amore
2913 3136 2972 3191 et

882 3258 1158 3333 nostro,
1179 3242 1330 3339 qui,
1352 3256 1702 3339 quantum
1715 3242 2043 3313 molestia
2066 3242 2391 3340 corporis
2409 3240 2735 3327 sustinet,
2759 3236 2972 3309 Eccle-

884 3360 1000 3430 siae
1029 3358 1351 3430 servituti
1386 3356 1849 3448 desudamuS,
1893 3357 2128 3429 eidem
2170 3356 2482 3429 ecclesiae
2519 3356 2760 3427 Sancti
2799 3350 2972 3423 Pauli

885 3472 1211 3546 modium
1244 3474 1389 3544 vini
1424 3492 1495 3545 et
1522 3487 1812 3544 centum
1840 3496 2062 3570 panes
2089 3470 2184 3545 ad
2196 3472 2458 3544 libram
2478 3486 2693 3567 atque
2725 3490 2976 3541 mensu-

882 3614 1036 3662 ram
1062 3590 1267 3689 panis
1294 3590 1518 3661 nostri
1552 3586 1644 3659 de
1663 3586 2066 3679 refectorio,
2089 3587 2184 3661 ad
2201 3586 2758 3661 refectionemin
2783 3582 2976 3654 refec-

884 3706 1071 3779 torio
1105 3706 1345 3779 Sancti
1380 3703 1576 3776 Pauli
1600 3718 1746 3776 tam
1774 3703 2314 3802 capellanorum
2339 3702 2550 3795 hujus
2577 3700 2760 3773 villae
2785 3720 2974 3796 quam

961 3935 991 3991 1
1008 3976 1021 3991 .
1055 3929 1240 4011 Vulgo
1263 3916 1445 3993 Deuil
1481 3930 1972 4011 (Seiae-et-Oise).

962 4027 1021 4084 2.
1050 4022 1367 4096 Habebam,
1377 4028 1531 4081 omni
1538 4042 1687 4079 anno
1699 4028 1925 4099 capient
1935 4020 2030 4081 ed.
2057 4020 2417 4081 ὤθει-3.
2439 4019 2662 4097 Amulli
2673 4018 2768 4079 ed.
2787 4016 2973 4077 Che-n.

960 4120 1019 4178 ln.
1053 4121 1372 4189 &mess-on,
1404 4116 1588 4196 prope
1616 4114 1772 4174 idem
1799 4113 2096 4177 Duolium.
2143 4148 2224 4161 -
2263 4120 2322 4173 5.
2347 4117 2423 4175 V.
2451 4116 2650 4193 supra,
2678 4134 2741 4192 p.
2779 4112 2909 4171 184.

964 4214 1024 4271 6.
1054 4212 1219 4269 Nunc
1240 4214 1535 4288 Ber-cugny
1570 4206 2077 4287 (Seiae-et-Olse.)

964 4309 1021 4362 7.
1062 4302 1251 4363 Hodie
1294 4304 2032 4383 Chamigrgr-sur-Mme
2061 4299 2305 4381 (Scine.)
