3275 5317
793 524 869 581 26
1223 520 1549 579 OEUVRES
1589 518 2017 579 COMPLETES
2044 521 2143 577 DE
2184 520 2453 580 SUGER.

789 652 1259 755 possiderent,
1291 666 1361 723 et
1396 649 1488 724 de
1523 651 1869 724 comitatu
1898 676 2153 723 eorum
2179 652 2665 747 collimitante,
2703 654 2897 727 vide-

789 772 956 844 licet
989 772 1184 868 Rupe
1218 769 1410 840 Forti
1435 783 1508 865 et
1535 766 1840 839 Castello
1874 769 2066 841 Forti
2090 783 2162 840 et
2197 768 2349 841 aliis
2384 770 2725 868 proximis
2748 796 2896 844 cas-

789 883 1001 972 tellis,
1037 897 1107 954 et
1138 904 1388 981 pacem
1419 897 1489 954 et
1517 882 1909 973 servitium,
1946 883 2149 980 quod
2180 884 2545 956 insolitum
2590 885 2821 958 fuerat
2842 892 2889 976 ¹,

790 997 1276 1072 vendicarent.
1309 1000 1638 1087 Quorum
1674 1014 1925 1071 mutua
1955 1023 2044 1070 eo
2069 1024 2293 1097 usque
2311 1000 2655 1098 processit
2686 1000 2891 1073 fami-

789 1114 1080 1205 liaritaS,
1121 1127 1224 1203 ut,
1260 1115 1480 1211 patris
1529 1115 2012 1213 persuasione,
2058 1114 2241 1188 filius
2279 1115 2614 1188 dominus
2654 1115 2895 1188 Ludo·-

789 1228 985 1300 vicus
1025 1225 1242 1299 filiam
1274 1228 1590 1326 ejusdem
1617 1230 1964 1303 Guidonis
2002 1230 2319 1303 necdum
2362 1231 2676 1305 nubilem
2736 1258 2893 1305 ma·

789 1342 1130 1414 trimonio
1141 1342 1440 1415 solemni
1461 1344 1827 1443 reciperet.
1853 1346 1993 1417 Sed
2016 1372 2232 1445 quam
2250 1371 2583 1445 sponsam
2598 1349 2889 1446 recepit,

790 1480 1087 1529 uxorem
1115 1482 1261 1529 non
1314 1456 1592 1551 habuit,
1641 1485 1805 1532 cum
1857 1476 2021 1532 ante
2065 1462 2391 1533 thorum¹
2427 1462 2671 1534 titulus
2716 1486 2889 1533 con-

790 1571 1269 1667 sanguinitatis
1334 1576 1699 1673 oppositus
1785 1578 2328 1650 matrimonium
2397 1593 2559 1677 post
2623 1578 2893 1674 aliquot

787 1711 1014 1759 annos
1065 1688 1516 1761 dissolverit⁸.
1583 1690 1699 1761 Sic
1751 1715 2003 1764 eorum
2058 1717 2185 1790 per
2222 1693 2609 1765 triennium
2660 1693 2893 1765 conti·-

787 1816 1006 1873 nuata
1053 1819 1160 1875 est
1208 1807 1543 1895 amicitia,
1585 1822 1669 1879 ut
1692 1810 1933 1905 ‘pater
1950 1824 2021 1881 et
2068 1807 2255 1879 filius
2305 1833 2378 1879 se
2439 1810 2507 1879 ei
2566 1832 2895 1905 supreme

790 1916 1183 2009 crederent,
1218 1935 1289 1991 et
1315 1922 1465 2019 ipse
1511 1944 1754 1993 comes
1798 1922 2063 2017 Guido,
2114 1922 2443 2021 filiusque
2494 1923 2643 2020 ejus
2690 1926 2895 2017 Hugo

789 2031 1289 2125 creciacensis,
1326 2035 1522 2132 regni
1553 2036 1947 2111 defensioni
1987 2054 2059 2111 et
2102 2038 2365 2111 honori
2410 2041 2580 2111 totis
2622 2035 2895 2109 viribus

789 2160 1284 2235 inniterentur.
1327 2159 1594 2229 Verum
1631 2155 1799 2254 quia

1031 2424 1153 2495 Quo
1173 2423 1346 2476 smel
1369 2430 1450 2477 est
1473 2415 1687 2475 imbuta
1712 2434 1906 2474 reeens
1926 2412 2169 2473 servabit
2192 2416 2413 2473 odorem

1035 2518 1208 2573 Testa
1231 2516 1334 2571 diu
1355 2512 1400 2583 ⁸,

792 2767 926 2838 viri
959 2764 1052 2839 de
1068 2768 1306 2837 Monte
1337 2762 1638 2855 Leherii,
1677 2777 2030 2834 consuetae
2056 2760 2373 2861 perfidiae
2388 2758 2623 2833 aemuli
2652 2761 2899 2835 dolose

793 2881 1176 2953 machinati
1231 2894 1399 2951 sunt
1440 2903 1570 2978 per
1616 2877 2129 2951 Garlandenses
2198 2878 2499 2969 statres⁸,
2551 2879 2678 2975 qui
2726 2892 2899 2951 tunc

793 2998 977 3092 regis
1015 3010 1087 3067 et
1119 2994 1242 3067 filii
1287 2996 1730 3066 incurrerant
1782 2994 2210 3083 inimicitiaS,
2260 3019 2407 3093 quo
2450 2991 2672 3064 modo
2709 2994 2896 3065 vice-

795 3136 1038 3184 comes
1049 3110 1410 3182 Trecensis
1433 3108 1628 3201 Milo,
1650 3109 1889 3182 minor
1912 3110 2127 3182 frater
2146 3110 2495 3183 Guidonis
2512 3108 2895 3199 Trusselli⁷‚

877 3399 934 3455 1.
975 3398 1244 3469 fuemus,
1266 3392 1564 3467 mendose,
1593 3396 1709 3454 135
1738 3413 1807 3452 ac
1834 3392 1975 3453 edit.
2000 3394 2199 3454 Germ.

873 3491 934 3550 Ξ.
975 3490 1256 3547 mnam
1281 3490 1398 3548 135
1422 3499 1480 3546 et
1504 3486 1601 3549 ed.
1632 3488 1830 3547 Germ.

875 3586 934 3641 3.
975 3584 1048 3640 In
1066 3578 1313 3641 concilio
1337 3578 1628 3654 Treoensi,
1659 3599 1757 3641 an.
1785 3581 1966 3652 1107,
1996 3578 2281 3659 sponsalia
2314 3576 2593 3638 Lndovici
2618 3596 2749 3637 cum
2774 3582 2899 3637 Lu·-

795 3674 981 3749 ciana,
1001 3673 1120 3733 filia
1145 3672 1424 3735 Guidonis
1439 3672 1512 3732 de
1529 3676 1701 3752 Rupe
1724 3672 1908 3747 Forti,
1931 3672 2211 3732 dissoluta
2234 3685 2367 3732 sunt
2387 3674 2422 3731 a
2449 3671 2705 3731 Paschali
2722 3673 2899 3751 papa·

877 3772 937 3827 4.
985 3771 1062 3828 Ut
1081 3780 1140 3825 et
1157 3784 1326 3844 pater
1351 3782 1408 3825 et
1431 3767 1586 3843 filius
1615 3758 1753 3825 5'43.

877 3862 938 3917 5.
979 3858 1204 3918 Horatii
1269 3858 1374 3918 lib.
1425 3862 1477 3931 Ι,
1523 3858 1695 3938 epist.
1740 3880 1805 3933 11,
1850 3859 1925 3918 ad
1968 3858 2240 3923 tollium.

877 3953 938 4011 6.
977 3954 1068 4009 De
1097 3948 1208 4009 hic
1241 3949 1456 4010 celebri
1495 3950 1707 4008 familia
1748 3949 1987 4031 ejusque
2020 3953 2215 4027 feodo,
2252 3952 2438 4032 prope
2473 3950 2723 4010 Parisios
2758 3950 2895 4023 sito,

793 4064 854 4105 v.
899 4042 1135 4119 lebeus,
1169 4046 1322 4103 mse.
1363 4046 1440 4100 du
1479 4042 1701 4101 diocese
1738 4048 1811 4103 de
1848 4050 2041 4116 Paris,
2082 4048 2191 4119 IX,
2226 4050 2367 4119 4113
2396 4046 2710 4116 d’Auteuil,
2742 4049 2894 4101 Hist.

797 4140 899 4195 des
875 4142 1201 4195 ministres
1221 4128 1763 4209 d’ls‘tat‚194;etc.

879 4232 936 4287 7.
987 4232 1255 4287 fimella·
1275 4248 1428 4289 nunc
1451 4240 1512 4289 et
1531 4229 1656 4309 ipse
1681 4230 1817 4289 cod.
1854 4234 1993 4291 5⁴3.
