3275 5317
904 552 1028 609 vm
1066 553 1169 607 m:
1216 552 1437 609 Louls
1475 552 1570 609 LE
1620 552 1836 609 onos.
2307 524 2422 611 129

319 678 619 753 mabiles
648 680 980 777 exequias
1006 680 1513 778 persolventes,
1545 696 1795 753 notam
1824 680 2256 778 proditionis
2290 687 2428 756 evi-

318 811 503 887 tant,
539 795 714 867 dum
746 794 885 868 hoc
925 796 1223 868 domino
1254 797 1401 891 regi
1438 795 1824 885 Ludovico,
1861 820 1994 869 nec
2025 797 2091 868 ei
2118 811 2429 891 tantum,

322 912 453 983 sed
499 911 683 982 fama
715 911 1006 983 volante
1065 934 1195 1009 per
1241 912 1656 983 universum
1697 910 1948 983 orbem
1980 912 2427 986 denuntiant.

320 1030 469 1099 Rex
496 1040 734 1099 autem
762 1042 831 1098 et
858 1050 1102 1098 amore
1121 1027 1403 1123 justitiae
1434 1042 1503 1099 et
1520 1012 2148 1123 consanguinitatis
2172 1028 2436 1102 affectu

323 1142 399 1214 in
434 1142 777 1214 ultionem
816 1156 1032 1213 tantae
1063 1141 1490 1240 proditionis
1521 1144 1891 1234 excitatus,
1925 1168 2058 1214 nec
2084 1144 2268 1238 regis
2301 1147 2441 1215 An-

325 1255 515 1353 glici,
549 1281 683 1328 nec
725 1256 1008 1329 comitis
1048 1254 1441 1329 Theobaldi
1506 1281 1758 1352 guerra
1809 1256 2164 1344 detentuS,
2225 1256 2432 1331 Flan-

326 1371 559 1444 driam
582 1374 945 1445 animosus
961 1372 1206 1463 intrat,
1226 1385 1308 1442 ut
1323 1372 1797 1469 nequissimos
1821 1374 2256 1445 atrocissime
2272 1397 2439 1470 per-

326 1486 475 1577 dat,
545 1502 700 1559 toto
750 1486 971 1558 animi
1023 1502 1095 1559 et
1154 1487 1393 1585 operis
1441 1487 1603 1558 nisu
1664 1502 2016 1561 exaestuat.
2085 1489 2438 1561 Comitem

324 1602 667 1674 Flandriae
726 1600 1191 1673 Guillelmum
1256 1605 1776 1695 Normannum,
1857 1602 2088 1674 filium
2147 1602 2442 1676 Roberti

326 1716 941 1815 Hierosolymitani
998 1717 1451 1788 Normanniae
1504 1718 1788 1789 comitis
1848 1718 1968 1815 (ad
2023 1743 2188 1790 eum
2249 1719 2443 1791 enim

316 1831 480 1929 jure
510 1832 1133 1929 consanguinitatis
1159 1830 1581 1931 spectabat),
1616 1833 2037 1907 constituit¹.
2078 1838 2172 1907 Ut
2201 1850 2444 1908 autem

328 1952 589 2043 Brugas
634 1945 1025 2037 descendit,
1078 1972 1225 2019 non
1264 1950 1529 2020 veritus
1584 1965 1786 2022 terrae
1829 1948 2271 2041 barbariem,
2307 1973 2442 2021 nec

328 2062 600 2135 foedam
628 2062 1039 2160 proditoriae
1067 2064 1702 2158 consanguinitatis
1733 2064 2023 2154 lineam,
2050 2065 2242 2162 ipsos
2273 2088 2443 2162 pro-

330 2178 600 2251 ditores
644 2178 715 2249 in
747 2178 1038 2250 ecclesia
1065 2192 1137 2248 et
1181 2192 1379 2249 turre
1420 2178 1746 2250 obsessos
1798 2193 2139 2267 coarctat,
2188 2178 2454 2249 victua-

327 2292 423 2367 lia
468 2309 724 2392 praeter
761 2297 939 2386 sua¹,
973 2318 1131 2391 quae
1179 2293 1422 2365 divino
1471 2308 1654 2365 nutu
1711 2316 1962 2363 eorum
2027 2294 2244 2364 etiam
2287 2293 2449 2364 usui

324 2409 742 2507 importuna
788 2406 1311 2506 repugnabant,
1365 2404 1726 2504 prohibet.
1784 2410 1876 2477 Ut
1935 2422 2177 2478 autem
2227 2405 2444 2497 fame,

328 2537 525 2620 peste
584 2536 657 2593 et
724 2519 959 2615 gladio
1024 2517 1532 2614 aliquantisper
1613 2543 1734 2589 eos
1802 2519 2167 2609 contrivit,
2239 2518 2456 2591 eccle-

322 2637 507 2708 siam
528 2636 1035 2731 relinquenteS,
1080 2634 1334 2704 turrim
1379 2647 1688 2723 tantum,
1746 2648 1828 2703 ut
1871 2658 1993 2705 eos
2033 2635 2249 2705 turris
2288 2636 2454 2707 reti—

320 2765 559 2843 neret,
578 2751 1052 2821 retinuerunt.
1079 2752 1236 2819 Jam
1270 2774 1436 2845 ergo
1459 2748 1550 2820 de
1579 2750 1725 2820 vita
1752 2748 1852 2819 eis
1876 2747 2443 2848 desperantibus,

320 2889 498 2939 cum
520 2865 676 2963 jam
706 2865 779 2935 in
827 2865 1106 2936 luctum
1133 2878 1530 2935 verteretur
1559 2862 1851 2959 cythara
1905 2888 2184 2955 eorum,
2225 2879 2295 2936 et
2326 2890 2447 2937 or-

321 3006 593 3079 ganum
634 3005 892 3052 eorum
924 2980 995 3051 in
1030 3002 1285 3051 vocem
1336 2977 1726 3069 flentium⁸,
1778 2980 2254 3076 nequissimus
2304 2986 2441 3054 Bu-

320 3095 635 3169 chardus
665 3094 1025 3189 sociorum
1059 3118 1410 3167 consensu
1447 3092 1615 3189 fuga
1655 3093 1918 3193 lapsuS,
1958 3110 2222 3171 terram
2250 3098 2440 3170 exire

320 3212 571 3284 volens
598 3200 731 3305 nec
762 3210 1029 3301 valenS,
1057 3209 1205 3282 sola
1237 3208 1615 3306 iniquitate
1654 3210 1944 3307 propria
1975 3210 2436 3309 prohibente,

322 3326 401 3399 in
425 3326 758 3399 firmitate
781 3324 1154 3424 cujusdam
1184 3324 1394 3396 amici
1438 3337 1508 3395 et
1543 3323 1908 3397 familiaris
1944 3350 2294 3416 reversus,
2334 3326 2444 3395 in-

327 3456 687 3541 terceptus
716 3441 899 3539 regis
934 3440 1262 3538 imperio,
1324 3437 1674 3535 exquisito
1717 3440 1990 3511 miserae
2017 3438 2288 3511 mortis
2330 3462 2447 3533 ge·

408 3704 437 3759 1
454 3747 469 3762 .
480 3699 819 3761 Guillelmus
836 3696 1009 3775 Clito,
1026 3696 1119 3757 die
1136 3694 1407 3756 vicesima
1424 3696 1593 3757 tertia
1614 3696 1805 3757 martii
1827 3714 1926 3756 an.
1943 3697 2095 3754 1127
2106 3736 2124 3768 ,
2139 3692 2448 3752 comitatus

316 3790 715 3853 investituram
759 3794 793 3849 a
832 3810 970 3870 rege
1018 3803 1077 3851 et
1112 3789 1505 3872 juramentum
1552 3790 1690 3850 fidei
1745 3792 1780 3848 a
1817 3786 2129 3847 baronibus
2160 3786 2446 3847 Flandriae

321 3885 568 3967 ace-epit.

402 3982 466 4042 2.
490 3985 705 4040 Praeter
730 4000 835 4038 sua
856 3978 1027 4038 codd.
1056 3996 1289 4053 omne-«33
1320 3976 1383 4037 id
1404 3988 1510 4049 est,
1536 3994 1667 4055 quae
1689 3992 1871 4055 penes
1897 3992 1959 4033 se
1990 3973 2240 4054 reposita
2262 3974 2446 4034 habe·

316 4070 481 4153 bant,
520 4073 683 4133 aiunt
726 4070 1103 4134 Benedictini.
1144 4070 1250 4131 Vel
1297 4068 1605 4150 legendum
1645 4069 1674 4148 εξ
1706 4072 1973 4127 victualia
2015 4083 2222 4145 praeter
2267 4089 2441 4131 ea....

322 4166 608 4243 prohibet,
632 4179 697 4226 ut
718 4167 872 4247 apud
898 4166 1137 4226 Freher.

412 4264 473 4325 3.
500 4260 644 4321 Vide
671 4259 808 4333 Job,
846 4280 993 4333 xxx,
1030 4262 1131 4335 31,
1158 4258 1321 4333 cujus
1357 4274 1527 4317 voces
1554 4254 1856 4335 paululum
1901 4250 1996 4315 hic
2035 4265 2350 4315 mutantur.

2089 4364 2126 4419 9
