3275 5317
929 562 1054 619 vm
1095 562 1194 619 DE
1233 562 1452 621 LOUIS
1491 564 1592 621 LE.
1625 562 1847 624 GROS.
2366 570 2443 625 33

333 690 562 782 tabat,
595 690 718 763 sed
743 715 878 763 nec
903 693 1252 791 respicere
1271 692 1721 789 dignabatur.
1758 698 2186 767 Sanctorum
2205 696 2449 794 pigno·

333 807 542 881 ribus
579 807 976 879 humillime
1020 824 1450 903 prostratus,
1507 811 1903 908 lachrymas
1941 813 2443 908 compunctio-

335 922 450 995 nis
487 922 862 1013 offerebat,
895 921 1399 997 holocaustum
1449 927 1761 1027 seipsum
1792 926 2110 999 Domino
2141 941 2210 998 et
2242 950 2445 1000 sanc-

335 1040 428 1111 tis
476 1039 626 1137 ejus
687 1052 844 1112 toto
896 1040 1139 1113 animo
1188 1040 1569 1135 inferebat,
1620 1059 1695 1117 et
1741 1058 1823 1116 ut
1868 1042 1959 1115 de
2004 1043 2443 1116 vestimentis

337 1151 862 1251 episcopalibus
903 1153 1098 1226 beati
1143 1155 1470 1253 Dionysii
1514 1158 1856 1253 sanguine
1900 1155 2317 1230 madefactis
2348 1156 2449 1231 ad

337 1267 938 1369 patrocinandum
967 1268 1204 1366 aliqua
1235 1270 1300 1342 ei
1321 1270 1611 1344 daretur
1623 1270 2078 1371 portiuncula
2100 1272 2446 1371 supplici-

337 1397 450 1456 ter
478 1384 804 1457 exoravit
858 1409 876 1453 τ
921 1414 957 1451 α
993 1388 1096 1455 Ne
1143 1382 1534 1483 displiceat,
1587 1387 1947 1484 inquiens,
1996 1387 2055 1459 si
2099 1385 2191 1460 de
2230 1388 2449 1461 vesti-

346 1528 382 1565 «
415 1499 678 1571 mentis
714 1498 866 1597 ejus
905 1499 1116 1572 nobis
1148 1500 1260 1571 vel
1292 1525 1551 1599 parum
1568 1500 2023 1576 reddideritis
2044 1506 2093 1593 ¹,
2134 1504 2257 1599 qui
2282 1527 2449 1578 eum

347 1641 384 1681 α
419 1611 627 1686 vobis
641 1612 1046 1712 apostolatu
1065 1614 1308 1687 Galliae
1325 1616 1739 1713 insignitum
1754 1618 2029 1717 absque
2043 1643 2415 1693 murmure
2431 1624 2457 1662 ⁸

346 1758 384 1795 c
419 1728 953 1803 destinavimus,
977 1760 1012 1797 n
1037 1732 1367 1803 Occurrit
1386 1733 1625 1830 itaque
1657 1734 1723 1806 ei
1744 1732 2017 1807 ibidem
2032 1758 2152 1805 rex
2188 1733 2457 1833 Philip·

337 1866 474 1941 pus
499 1859 572 1916 et
609 1843 946 1917 dominus
977 1845 1384 1919 Ludovicus
1431 1848 1621 1921 filius
1654 1851 1807 1947 ejus
1838 1864 2199 1945 gratanter
2224 1864 2297 1923 et
2315 1874 2447 1924 vo-

339 1958 914 2051 tive,amoreDei
944 1960 1388 2057 majestatem
1409 1965 1680 2059 regiam
1708 1964 2012 2062 pedihus
2043 1965 2194 2062 ejus
2215 1964 2453 2037 incur-

337 2089 588 2147 vantes
601 2129 622 2168 ,
658 2075 1272 2173 quemadmodum
1310 2094 1839 2153 consueverunt
1866 2080 1960 2153 ad
1992 2080 2453 2179 sepulchrum

340 2188 712 2287 piscatoris
768 2192 953 2265 Petri
1008 2216 1210 2288 reges
1247 2194 1602 2267 submisso
1647 2192 2050 2267 diademate
2092 2194 2449 2267 inclinari.

341 2306 540 2393 Quos
565 2307 904 2381 dominus
925 2330 1112 2407 papa
1125 2332 1349 2381 manu
1378 2310 1683 2405 erigens,
1706 2324 2050 2407 tanquam
2079 2308 2454 2381 devotissi-

339 2446 496 2495 mos
537 2423 1028 2522 apostolorum
1075 2423 1292 2513 filios,
1333 2438 1495 2495 ante
1532 2449 1608 2496 se
1645 2425 1955 2497 residere
1982 2426 2004 2461 ⁸
2038 2423 2229 2495 fecit.
2271 2424 2455 2494 Cum

341 2536 602 2633 quibus
637 2538 729 2610 de
768 2554 957 2611 statu
1001 2538 1332 2627 ecclesiae,
1375 2551 1458 2609 ut
1497 2539 1779 2636 sapiens
1824 2540 2178 2636 sapienter
2208 2560 2449 2633 agenS,

341 2646 782 2720 familiariter
807 2647 1154 2721 contulit:
1187 2672 1450 2743 eosque
1466 2646 1735 2721 blande
1759 2648 2200 2740 demulcens,
2237 2646 2455 2721 beato

341 2766 561 2833 Petro
592 2762 872 2859 sibique
920 2761 1070 2858 ejus
1102 2762 1372 2834 vicario
1423 2763 1777 2861 supplicat
1823 2788 2042 2863 opem
2075 2762 2283 2856 serre,
2336 2788 2455 2836 ec·

341 2876 635 2950 clesiam
684 2890 1172 2969 manutenere,
1215 2891 1313 2969 et,
1373 2876 1554 2949 sicut
1615 2892 2150 2951 antecessorum
2196 2902 2449 2974 regum

339 2994 782 3064 Francorum
808 2990 1044 3064 Caroli
1071 2992 1306 3087 Magni
1338 3008 1409 3064 et
1436 2992 1747 3065 aliorum
1774 3018 1935 3065 mos
1972 2992 2292 3085 inolevit,
2328 3010 2458 3093 ty-

344 3107 586 3179 rannis
629 3123 701 3179 et
749 3107 1056 3179 ecclesiae
1115 3106 1466 3195 hostibuS,
1521 3123 1593 3179 et
1650 3109 2101 3206 potissimum
2150 3110 2455 3182 Henrico

343 3220 756 3321 imperatori
815 3221 1153 3294 audacter
1201 3224 1546 3296 resistere.
1604 3223 1749 3312 Qui
1798 3224 2123 3298 amicitiae
2145 3279 2166 3317 ,
2216 3224 2457 3297 auxilii

348 3352 419 3410 et
453 3338 728 3412 consilii
773 3338 1054 3411 dextras
1094 3338 1475 3430 dederunt,
1538 3363 1843 3434 regnum
1886 3355 2366 3438 exposuerunt
2395 3338 2451 3429 ⁴,

347 3468 420 3526 et
446 3454 571 3552 qui
611 3478 778 3526 cum
813 3478 902 3526 eo
933 3453 1404 3527 Catalaunum
1441 3454 1893 3552 imperatoris
1919 3454 2165 3551 legatis
2197 3478 2452 3526 occur-

345 3592 508 3641 rere
550 3567 911 3660 festinent,
965 3568 1536 3667 archiepiscopos
1572 3584 1645 3641 et
1686 3570 2083 3668 episcopm,
2125 3584 2201 3641 et
2229 3567 2458 3643 abba-

345 3696 494 3756 tem
539 3685 770 3757 Sancti
809 3684 1126 3782 Dyonisii
1177 3684 1426 3777 Adam,
1476 3708 1643 3757 cum
1686 3709 1835 3781 quo
1879 3699 1951 3756 et
1993 3708 2128 3755 nos
2159 3684 2450 3777 fuimus,

345 3800 893 3897 conjunxerunt.
946 3800 1084 3873 Ubi
1118 3823 1288 3871 cum
1333 3797 1673 3872 dominus
1714 3822 1895 3899 papa
1944 3799 2455 3900 aliquantisper

427 4079 488 4137 1.
532 4078 926 4137 Reddtdereeis
948 4078 1087 4138 135.
1123 4106 1204 4123 -··
1233 4078 1295 4137 2.
1337 4078 1586 4136 Munere
1609 4072 1736 4133 sola
1761 4072 1901 4134 edit.
1930 4072 2141 4138 Ghesn.

429 4170 490 4231 3.
533 4170 622 4229 Ita
651 4168 821 4231 codd.
852 4188 1050 4229 omnes
1082 4181 1254 4247 atque
1275 4165 1397 4227 edit
1423 4169 1625 4229 Germ.
1652 4164 1830 4240 Alias,
1854 4168 2068 4226 redit-e.

440 4270 504 4327 4.
548 4266 674 4328 siba·
697 4270 835 4331 133.
