3275 5317
1058 594 1182 649 VIE
1223 596 1324 651 DF.
1364 593 1585 651 Loms
1628 594 1722 651 LE
1765 592 1982 653 GROS.
2466 597 2572 656 121

469 724 971 795 remuneravit.
1021 728 1420 823 Imperator
1448 748 1614 819 ergo
1638 726 1659 761 ¹
1702 723 2176 815 theutonicuS,
2235 750 2324 797 eo
2377 729 2583 801 viles-

471 863 643 911 cens
668 838 879 930 factO,
914 854 987 912 et
1041 839 1131 911 de
1182 840 1299 913 die
1356 840 1430 911 in
1491 840 1686 913 diem
1729 840 2118 933 declinam,
2179 841 2366 915 infra
2415 848 2584 919 anni

471 955 821 1027 circulum
864 970 1259 1027 extremum
1316 981 1529 1053 agens
1568 955 1789 1045 diem,
1854 955 2316 1053 antiquorum
2354 960 2585 1031 verifi-

470 1071 660 1142 cavit
720 1071 1171 1163 sententiam,
1234 1071 1591 1143 neminem
1644 1070 1966 1144 nobilem
2012 1086 2136 1143 aut
2191 1072 2584 1169 ignobilem

470 1185 669 1281 regni
695 1201 818 1257 aut
850 1184 1158 1258 ecclesiae
1183 1186 1650 1275 turbatorem,
1681 1186 1882 1284 cujus
1909 1210 2118 1259 causa
2139 1201 2266 1259 aut
2299 1200 2586 1261 contro·

466 1302 700 1373 versia
756 1304 1180 1373 Sanctorum
1242 1326 1545 1401 corpora
1604 1300 2092 1391 subleventur,
2145 1326 2335 1374 anno
2357 1307 2382 1341 ²
2426 1304 2582 1379 fore

466 1414 943 1511 superstitem,
988 1413 1114 1486 sed
1172 1416 1265 1487 ita
1299 1414 1413 1487 vel
1474 1419 1662 1487 intra
1685 1416 1708 1450 ³
1740 1414 2088 1513 deperire.
2141 1416 2282 1487 Rex
2339 1431 2582 1491 autem

472 1528 759 1625 Angliae,
797 1530 1123 1601 conscius
1161 1529 1552 1603 theutonici
1606 1529 1781 1620 doli,
1822 1530 1990 1627 quia
2046 1532 2188 1625 regi
2220 1529 2585 1605 Ludovico

468 1670 637 1716 cum
668 1645 932 1717 comite
962 1642 1375 1717 Theobaldo
1435 1670 1762 1742 guerram
1795 1645 2104 1717 inferens
2135 1648 2584 1745 conspirave-

468 1776 581 1832 rat
610 1764 633 1799 ⁸
663 1759 1054 1833 marchiam
1082 1760 1646 1850 collimitantem,
1687 1760 1866 1857 regis
1897 1759 2240 1855 absentia,
2284 1764 2582 1835 omnino

468 1892 595 1948 aut
626 1876 1040 1976 depopulari
1071 1893 1198 1949 aut
1230 1901 1607 1975 occupare,
1658 1876 1816 1950 solo
1852 1902 2000 1950 uno
2063 1876 2364 1969 barone,
2405 1878 2588 1951 scili-

468 2008 587 2063 cet
615 1990 962 2064 Amalrico
988 1992 1081 2063 de
1107 1994 1342 2065 Monte
1366 1992 1583 2081 Forti,
1605 1992 1762 2064 viro
1779 1981 2174 2089 martejugi
2199 1993 2578 2084 acerrimo,

472 2122 547 2179 et
592 2109 999 2181 strenuitate
1060 2108 1589 2183 Vilcassinensis
1640 2109 1992 2180 exercitus
2044 2108 2368 2205 repulsus
2386 2166 2403 2200 ‚
2463 2125 2586 2181 aut

470 2246 729 2319 parum
762 2238 885 2295 aut
915 2222 1095 2294 nihil
1128 2223 1534 2321 proficiens,
1563 2248 1746 2296 vana
1781 2246 1904 2321 spe
1933 2222 2312 2293 frustratus
2350 2237 2584 2294 retro-

470 2338 697 2409 cessit.
736 2342 899 2426 Quo
929 2338 1119 2410 facto
1150 2354 1565 2410 nostrorum
1604 2337 2108 2427 modernitate,
2147 2360 2280 2407 nec
2323 2338 2588 2409 multo-

467 2478 631 2524 rum
654 2468 1066 2551 temporum
1096 2454 1545 2551 antiquitate,
1582 2451 1762 2524 nihil
1779 2452 2039 2524 clarius
2069 2452 2364 2523 Francia
2391 2452 2580 2546 fecit,

466 2585 591 2641 aut
614 2570 949 2666 potentiae
964 2592 1107 2639 suae
1122 2568 1443 2662 gloriam,
1471 2567 1748 2639 viribus
1772 2566 2267 2640 membrorum
2290 2592 2586 2641 suorum

468 2682 798 2753 adunatis
834 2686 855 2719 ⁸
878 2738 900 2773 ,
970 2680 1345 2776 gloriosius
1413 2680 1855 2781 propalavit,
1926 2708 2144 2779 quam
2205 2708 2372 2755 cum
2437 2710 2585 2756 uno

469 2794 873 2893 eodemque
935 2796 1246 2868 termino
1298 2795 1389 2868 de
1457 2798 1883 2894 imperatore
1933 2822 2240 2870 romano
2289 2814 2361 2870 et
2421 2824 2582 2895 rege

465 2912 773 3008 anglicO,
832 2912 998 2984 licet
1033 2912 1315 3001 absem,
1359 2912 1853 3010 triumphavit.
1906 2918 2004 2984 Ex
2061 2938 2210 3011 quo
2256 2913 2574 3010 quidem,

464 3028 810 3100 suffocata
841 3027 1160 3099 hostium
1198 3026 1553 3125 superbia,
1604 3027 1806 3098 siluit
1857 3046 2054 3099 term
2103 3029 2177 3098 in
2209 3047 2580 3127 conspectu

462 3144 619 3243 ejus
638 3146 684 3234 ⁸,
742 3157 816 3215 et
845 3166 1028 3240 pene
1069 3143 1162 3215 ad
1215 3168 1393 3240 quos
1425 3144 1824 3242 pertingere
1850 3158 2156 3241 poterat,
2195 3144 2464 3217 inimici
2504 3146 2578 3215 in

463 3260 762 3356 gratiam
792 3258 979 3330 ultro
1032 3257 1439 3347 redeunteS,
1488 3258 1812 3331 amicitiae
1864 3256 2150 3331 dextras
2199 3259 2580 3332 dederunt.

466 3376 581 3448 Sic
612 3399 811 3447 arma
844 3376 1114 3447 tenenti
1152 3375 1393 3447 omnia
1426 3374 1573 3458 dat,
1611 3374 1736 3471 qui
1762 3382 1956 3473 justa
1985 3391 2219 3472 negat.

560 3494 872 3563 XXVIII.
897 3495 997 3562 Ea
1020 3490 1235 3563 etiam
1253 3489 1691 3587 tempestatis
1717 3490 2082 3588 temperie,
2105 3488 2580 3562 Alvernorum

468 3760 563 3807 tuo
576 3750 999 3827 possidendam,
1023 3746 1186 3806 addit
1203 3746 1504 3825 glossator.
1547 3748 1635 3804 De
1661 3742 1750 3803 his
1771 3742 1904 3801 vide
1931 3742 2106 3812 infra,
2137 3741 2287 3801 inter
2313 3740 2577 3803 testimo-

466 3841 565 3900 nia
589 3840 661 3901 ad
692 3841 993 3921 Sugerium
1013 3838 1327 3920 spectantia
1354 3849 1411 3897 et
1440 3838 1503 3897 in
1531 3834 2063 3897 ObservationibuS.

547 3938 607 3993 1.
638 3937 785 3991 Vero
809 3935 987 3994 5925.

546 4032 607 4087 2.
632 4029 723 4086 Sic
749 4027 886 4088 edd.
915 4026 1125 4086 Chesn.
1154 4044 1221 4083 ac
1241 4023 1539 4083 Benedict.
1570 4054 1650 4069 -
1672 4027 1830 4081 Anni
1854 4020 2026 4082 codd.
2048 4034 2106 4081 et
2138 4022 2230 4083 cd.
2270 4026 2468 4085 Germ.

544 4122 603 4179 3.
635 4122 805 4196 Infra
830 4120 1007 4178 6265.
1032 4150 1113 4164 —
1151 4121 1209 4178 4.
1242 4119 1551 4194 Confer-ens
1569 4123 1939 4193 itt-spiraverat
1963 4118 2180 4177 12710.

546 4216 607 4273 ὅ.
636 4215 948 4286 ΑοζῙιιναηε,
978 4210 1149 4283 male,
1178 4210 1313 4270 edd.
1345 4212 1543 4271 Germ.
1577 4229 1646 4269 ac
1667 4208 1877 4273 Chesn.

552 4312 609 4369 6,
639 4304 768 4370 Lib.
798 4303 1167 4375 IMacchab.‚
1196 4322 1240 4382 1,
1272 4306 1331 4370 3,
