3275 5317
919 604 1042 659 VIE
1083 604 1183 659 DE
1225 602 1442 662 LOUIS
1481 606 1575 661 LE
1618 603 1837 662 Gnos.
2384 610 2459 667 53

345 790 745 880 velocitate,
783 784 1264 878 Guillelmus¹,
1304 787 1524 859 frater
1541 787 1730 885 capti
1754 786 2083 887 dapiferi,
2120 789 2325 861 miles
2356 792 2463 862 fa-

344 922 546 981 cetus
595 919 664 977 et
719 904 934 974 armis
986 916 1344 991 strenuus,
1401 926 1568 974 eum
1620 903 2029 998 gravissime
2078 903 2461 997 insectanS,

345 1016 694 1117 impedire
724 1030 1050 1087 conatur.
1075 1016 1312 1102 Quem
1337 1016 1678 1113 cumipse
1704 1018 1912 1111 Hugo
1940 1016 2097 1112 ipsa
2122 1015 2231 1087 sui
2265 1018 2463 1090 velo-

345 1136 556 1206 citate
589 1130 1020 1227 singularem
1047 1130 1512 1229 conspiceret,
1550 1129 1835 1202 vibrato
1864 1130 1963 1202 fra
1972 1130 2140 1203 xino
2177 1156 2357 1230 saepe
2390 1134 2463 1205 in

345 1274 512 1321 eum
561 1244 980 1320 intendebat
1030 1270 1049 1317 t
1095 1243 1224 1317 sed
1277 1245 1472 1343 quia,
1531 1245 1791 1318 timore
1834 1248 2457 1343 consequentium,

341 1387 625 1437 moram
655 1362 888 1435 facere
923 1354 1071 1433 tion
1100 1360 1434 1449 audebat,
1472 1362 1919 1458 reciprocam
1949 1361 2194 1457 fugam
2224 1364 2465 1461 capie-

341 1479 486 1553 bat.
515 1483 670 1550 Hoc
701 1477 884 1549 mire
916 1492 988 1549 et
1021 1476 1297 1572 egregie
1315 1475 1582 1547 callens
1608 1476 1839 1573 quod,
1874 1477 1931 1548 si
1966 1502 2133 1549 cum
2162 1482 2280 1551 eo’
2312 1477 2467 1551 solo

346 1593 541 1665 solus
587 1616 794 1665 mora
843 1589 1082 1688 aliqua
1125 1590 1306 1660 inire
1354 1604 1620 1688 posset,
1670 1590 1891 1661 animi
1936 1590 2309 1664 audaciam
2346 1606 2469 1665 aut

347 1707 572 1781 duelli
647 1706 1006 1805 trophaeo⁸
1055 1720 1179 1778 aut
1233 1705 1486 1778 mortis
1543 1704 1871 1802 periculo
1916 1705 2227 1778 mirabili
2280 1709 2469 1780 fama

351 1820 759 1895 declararet.
832 1818 1106 1893 Crebro
1168 1821 1384 1893 etiam
1443 1820 1743 1916 contigit
1801 1834 1878 1891 ut
1938 1822 2143 1894 villas
2168 1826 2193 1861 ⁸
2234 1824 2311 1895 in
2357 1827 2467 1896 via

349 1938 519 2011 sitas
559 1953 629 2011 et
661 1937 1190 2009 occurrentium
1219 1936 1540 2008 hostium
1576 1935 2118 2010 indeclinabiles
2160 1938 2471 2037 impetus

352 2052 558 2125 nullo
580 2052 802 2125 modo
838 2051 1138 2125 evadere
1172 2050 1464 2141 valeret,
1498 2052 1636 2123 nisi
1664 2077 1833 2124 cum
1860 2052 2185 2125 simulata
2216 2052 2469 2127 fraude

353 2169 662 2267 seipsum
694 2168 1253 2240 Garlandensem
1288 2166 1753 2239 Guillelmnm
1798 2167 2135 2259 fallendo,
2170 2170 2473 2243 Guillel-

351 2308 556 2355 mum
586 2298 828 2356 autem
865 2288 1243 2380 Hugonem
1276 2306 1350 2353 se
1383 2296 1807 2378 sequentem
1854 2282 2362 2374 conclamaret,
2401 2300 2473 2358 et

351 2424 436 2472 ex
473 2415 676 2498 parte
721 2400 930 2495 regiS,
979 2413 1062 2470 ut
1093 2421 1260 2469 eum
1299 2411 1645 2495 tanquam
1694 2396 1979 2468 hostem
2014 2398 2470 2496 impedirent,

348 2515 706 2588 invitaret.
754 2516 882 2586 His
921 2530 991 2585 et
1037 2512 1190 2584 aliis
1227 2510 1674 2609 hujusmodi,
1728 2526 1877 2583 tam
1920 2512 2177 2607 linguae
2204 2515 2475 2590 cautela

348 2655 574 2729 quam
615 2630 838 2701 animi
867 2628 1304 2716 strenuitate,
1342 2625 1508 2719 fuga
1538 2625 1801 2724 lapsus,
1840 2626 2108 2699 multos
2142 2654 2329 2701 unus
2356 2631 2478 2703 de-

349 2744 532 2815 risit.
577 2748 726 2815 Rex
759 2756 1025 2829 autem,
1065 2765 1200 2813 nec
1231 2740 1366 2812 hac
1397 2764 1532 2811 nec
1563 2738 1699 2811 alia
1726 2742 2098 2814 occasione
2130 2744 2223 2817 ab
2255 2746 2477 2817 incoe-

350 2872 485 2957 pto
558 2856 956 2930 obsidionis
1006 2855 1374 2948 desistens,
1442 2855 1809 2928 mstellum
1873 2872 2213 2947 coarctat,
2276 2862 2479 2959 oppi-

351 2974 580 3046 danos
637 2972 972 3060 terebrat,
1031 2994 1166 3044 nec
1227 2996 1348 3042 eos
1407 2974 1827 3068 impugnare
1871 2971 2167 3065 desistit,
2242 2974 2477 3048 donec

351 3088 804 3187 expugnatis⁸
847 3086 1032 3159 clam
1074 3085 1446 3170 militibus,
1485 3086 1967 3183 quorumdam
2004 3103 2237 3162 tamen
2277 3094 2480 3193 oppi-

352 3202 707 3277 danorum
742 3202 1290 3291 machinatione,
1311 3203 1586 3299 potenti
1619 3202 1881 3275 virtute
1909 3202 1997 3275 ad
2034 3202 2479 3278 deditionem

357 3318 615 3414 coegit.
639 3319 802 3405 Quo
826 3317 1140 3390 tumultu
1168 3315 1454 3401 milites,
1491 3314 1582 3387 ad
1612 3340 1849 3387 arcem
1875 3315 2247 3413 fugienteS,
2284 3322 2473 3410 vitae,

357 3457 508 3506 non
541 3432 853 3531 captioni
891 3432 1434 3504 consuluerunt.
1479 3434 1662 3501 Nam
1702 3430 1977 3503 ibidem
2024 3434 2310 3524 inclusi,
2346 3459 2478 3506 nec

362 3571 440 3620 se
467 3546 678 3646 plene
700 3561 1096 3646 protegere,
1123 3570 1258 3618 nec
1285 3569 1526 3618 arcem
1553 3546 1746 3617 exire
1775 3570 2076 3644 quoquo
2103 3546 2329 3620 modo
2355 3573 2479 3621 va-

359 3660 696 3754 luerunt3
750 3661 982 3735 donec
1029 3660 1324 3761 quidam
1356 3661 1540 3753 caesi,
1597 3660 1841 3758 plures
1886 3662 2209 3752 sauciati,
2273 3667 2479 3761 regiae

446 3938 502 3994 1.
535 3938 857 3995 Guilermus
877 3939 1096 3997 12710.
1119 3970 1201 3984 —
1227 3941 1565 3997 Guillermus
1593 3940 1774 4001 6265.

440 4031 502 4088 2.
530 4030 616 4086 Eo
629 4027 791 4089 deest
817 4029 878 4089 in
904 4030 1036 4091 cod.
1067 4034 1208 4106 135,
1224 4042 1394 4110 atque
1417 4030 1478 4089 in
1508 4030 1643 4093 edd.
1672 4033 1872 4091 Germ.
1900 4042 1959 4091 et
1985 4032 2194 4098 chesn.

441 4124 502 4180 3.
535 4122 840 4199 Triumpho
865 4126 1187 4186 oses-e..
1221 4130 1362 4183 Vm
1390 4129 1568 4203 5925,
1594 4129 1770 4186 6265.

361 4304 414 4363 G
445 4216 504 4271 5.
541 4212 634 4273 Sic
678 4212 816 4276 edd.
859 4216 1068 4277 Chesn.
1119 4229 1178 4277 et
1233 4218 1446 4278 Bened.
1493 4252 1574 4266 —-
1627 4226 2004 4297 Expugnaeos
2034 4222 2217 4311 .⁰⁰dd·
2277 4235 2333 4281 et
2380 4224 2473 4283 ed.

419 4322 563 4363 erm.
