3275 5317
1258 554 1621 613 emmas
2378 539 2509 615 343'

384 686 635 781 utique
673 682 1115 771 aedificatam,
1144 683 1469 756 similiter
1500 684 1836 756 thesauro
1866 654 2168 757 liberam
2195 701 2266 757 et
2295 687 2496 784 quie-

382 816 533 873 tam
579 800 880 871 omnino
923 798 1325 889 tribuimus»,
1360 800 1457 869 ita
1492 799 1761 871 scilicet
1792 812 1872 870 ut
1905 799 2140 873 nullus
2171 802 2306 873 nisi
2339 802 2495 874 the-

386 918 769 1008 saurariuS,
816 915 1254 1013 quicumque
1297 915 1390 986 sit
1417 914 1559 1005 ille,
1592 916 1670 987 in
1723 914 1872 1011 ipsa
1903 914 2104 987 villa¹
2141 932 2500 991 mortuam

384 1055 714 1122 manum,
760 1030 1157 1125 rotagicum
1188 1045 1313 1102 aut
1344 1030 1513 1103 alias
1561 1030 1916 1127 quaslibet
1948 1030 2502 1103 consuetudines
2617 1054 2624 1063 ·

381 1144 497 1217 vel
544 1144 1026 1217 forisfacturas
1076 1146 1305 1245 capiat
1345 1169 1479 1217 nec
1522 1144 1806 1217 habeat.
1861 1145 2000 1218 Sed
2035 1161 2105 1218 et
2145 1146 2502 1218 culturam

386 1262 573 1333 inter
590 1258 1053 1349 Quadrariam
1074 1275 1149 1331 et
1167 1262 1351 1332 inter
1372 1262 1692 1353 Besunz’,
1717 1286 1934 1359 quam
1959 1262 2173 1335 etiam
2201 1285 2330 1359 per
2357 1264 2508 1334 Ste-

386 1377 709 1476 phanum
745 1376 1259 1448 thesaurarium
1290 1375 1704 1449 hominibus
1735 1374 1826 1448 de
1851 1381 2118 1449 Besunz
2152 1375 2249 1449 ad
2265 1379 2506 1449 vineas

389 1490 809 1589 plantandas
877 1492 1395 1583 concessimuS,
1466 1490 1938 1562 nihilominus
1991 1490 2244 1564 eadem
2296 1490 2507 1564 liber-

390 1621 534 1678 tate
584 1630 805 1703 quam
848 1605 1161 1679 diximus
1214 1607 1309 1678 de
1356 1607 1778 1698 Quadraria,
1837 1605 2169 1678 videlicet
2215 1622 2364 1678 tam
2415 1605 2506 1679 de

386 1736 675 1794 mortua
700 1746 917 1795 manu
937 1748 1151 1820 quam
1175 1721 1266 1794 de
1296 1721 1448 1793 aliis
1474 1721 2135 1811 consuetudinibus,
2175 1721 2508 1794 thesauro

388 1835 865 1909 contulimus:
908 1852 979 1909 et
1020 1838 1078 1909 si
1117 1837 1353 1935 aliqua
1382 1852 1668 1909 mortua
1703 1861 1958 1909 manus
1989 1836 2159 1908 inde
2197 1860 2507 1909 emerse-

387 1956 510 2044 rit,
540 1977 687 2023 non
722 1951 814 2023 ad
842 1952 1145 2046 abbatis,
1182 1951 1306 2025 sed
1328 1952 1441 2032 ad⁴
1474 1953 2215 2043 thesaurariimanum
2244 1953 2504 2024 veniat.

387 2067 730 2140 Similiter
756 2093 923 2141 vero
957 2068 1049 2139 de
1083 2069 1400 2164 rotagico
1428 2083 1498 2141 et
1527 2069 1682 2141 aliis
1713 2070 2088 2141 statuimus
2134 2082 2513 2140 consuetu-

388 2181 707 2273 dinibus,
751 2182 947 2281 quod
970 2183 1027 2255 si
1060 2182 1318 2280 aliquis
1346 2183 1533 2255 hanc
1562 2198 1835 2255 cartam
1865 2182 2227 2273 violando,
2257 2182 2350 2253 de
2377 2181 2514 2253 hiis

388 2298 850 2396 suprapositis
875 2324 913 2369 a
938 2298 1148 2371 nobis
1180 2312 1570 2396 nostroque
1588 2313 1946 2370 conventu
1965 2298 2151 2371 Beati
2192 2294 2513 2393 Dionysii

391 2410 727 2485 thesauro
764 2414 1119 2485 concessis
1150 2413 1319 2486 inde
1350 2411 1625 2510 aliquid
1648 2412 2082 2507 alienaverit,
2114 2413 2248 2512 ipsi
2265 2425 2511 2483 sancto

388 2530 741 2625 Dionysio
773 2529 849 2599 in
882 2526 999 2599 die
1024 2527 1309 2625 judicii,
1344 2528 1421 2598 in
1458 2527 1786 2599 districto
1813 2528 2159 2619 examine,
2188 2542 2350 2601 ante
2372 2526 2511 2599 dis-

390 2646 691 2719 trictum
711 2644 1033 2742 judicem
1066 2646 1417 2716 rationem
1448 2642 1728 2716 reddat.

490 2764 745 2833 Actum
765 2762 839 2832 in
870 2760 1239 2833 communi
1262 2758 1575 2858 capitulo
1598 2759 1790 2841 Beati
1815 2759 2166 2855 Dyonisii,
2194 2764 2346 2831 XV'
2377 2758 2508 2829 ka·-

392 2876 673 2972 lendasj
682 2875 857 2967 ulii⁸,
872 2900 1063 2946 anno
1072 2872 1579 2946 incarnationis
1590 2872 1977 2944 Dominicae
1985 2874 2512 2965 MCXXXVIIP,

392 2989 784 3062 indictione
822 2994 997 3081 XV',
1043 3004 1285 3087 epacta
1333 2992 1605 3079 XXVI‘,
1645 3004 2116 3061 concurrente
2145 2991 2300 3081 ΙΨ,
2340 2988 2509 3059 luna

394 3108 688 3177 XXIIII·
693 3162 715 3195 ‚
742 3130 931 3177 anno
957 3128 1132 3177 vero
1161 3102 1792 3176 administrationis
1825 3119 2080 3175 nostrae
2101 3107 2308 3177 XVP.

495 3219 793 3314 Signum
850 3220 1098 3291 domni
1140 3219 1407 3315 Sugerii
1442 3217 1744 3291 abbatis,
1795 3222 1867 3291 S.
1916 3220 2175 3292 Hervei
2219 3220 2500 3317 prioriS.

393 3336 471 3405 S.
516 3334 853 3407 Bel-nardi
917 3336 1396 3431 praecentoriS.
1455 3339 1528 3406 S.
1591 3334 1932 3406 Johannis
1989 3331 2384 3407 infirmarii.
2430 3336 2498 3407 S.

394 3448 736 3546 Stephani
774 3449 1211 3523 thesaurarii.
1274 3452 1347 3521 S.
1409 3449 1750 3522 Gaufredi
1809 3448 2191 3546 capiciarii.

450 3550 461 3563 ⁸
494 3565 565 3633 S.
628 3564 935 3663 Philippi
988 3566 1398 3639 sacerdotis..
1448 3569 1517 3637 S.
1580 3564 1905 3636 Garnerii
1958 3560 2372 3635 sacerdotis».
2430 3564 2504 3633 S.

393 3678 769 3751 Guillelmi
800 3681 1210 3754 sacerdotis,
1268 3685 1340 3756 S.
1408 3680 1697 3753 Roberti
1737 3676 2144 3751 sacerdotis.
2208 3678 2281 3748 S.
2319 3678 2512 3749 Hen-

391 3794 531 3868 rici
580 3795 993 3869 sacerdotis.

478 4078 506 4133 1
524 4118 540 4131 .
569 4082 643 4134 112
678 4082 805 4151 ipsa
832 4080 973 4148 ulla,
1008 4076 1304 4147 mendose,
1333 4072 1637 4133 DubletuS.

480 4172 539 4228 2.
584 4167 773 4249 Vulgo
796 4173 1012 4227 Bezons
1028 4166 1321 4248 (Seineuet-
1332 4165 1517 4246 Oise).

480 4267 541 4321 3.
570 4260 659 4320 Ab
680 4260 781 4320 illo
805 4262 1007 4337 verbo,
1037 4260 1262 4339 reliqua
1286 4261 1347 4319 in
1373 4260 1511 4321 edd.
1539 4260 1901 4320 omittuntur.
