3275 5317
852 602 928 659 τι,
1286 592 1608 651 OEuvass
1649 576 2078 649 coMPLiz'rEs
2117 592 2216 648 DE
2258 592 2523 651 summ.

848 731 1067 805 bilem
1108 743 1180 800 et
1217 752 1393 826 pene
1427 724 1947 797 intolerabilem
1978 724 2194 796 etiam
2221 722 2707 799 audacissimis
2750 728 2955 825 dejici

850 846 1297 942 grandinem,
1348 841 1663 913 trabium
1708 840 2151 939 depositione
2213 854 2284 909 et
2339 840 2628 913 sudium
2691 844 2959 917 immis-

848 964 1073 1049 sione,
1109 959 1419 1059 incipere
1445 961 1550 1027 et²
1583 981 1730 1027 non
1761 953 2104 1052 perficere
2130 954 2637 1053 repulsionem.
2680 958 2959 1053 Regales

851 1092 1167 1167 econtra,
1198 1075 1584 1147 fortissimo
1619 1072 1839 1143 animi
1876 1086 1948 1143 et
1973 1071 2294 1169 corporis
2325 1072 2591 1144 robore
2619 1075 2960 1147 acerrime

851 1192 1292 1281 dimicanteS,
1326 1190 1540 1262 scutis
1560 1188 1968 1279 confractiS,
1991 1187 2308 1279 ascellas,
2331 1190 2536 1279 ostia,
2563 1204 2633 1260 et
2664 1214 2960 1287 quaeque

850 1308 1079 1403 lignea
1098 1305 1233 1405 sibi
1261 1318 1784 1403 praeponentes,
1803 1318 2028 1400 portae
2051 1301 2416 1395 insistunt3
2443 1328 2688 1376 carros
2714 1305 2955 1397 etiam,

850 1448 1029 1521 quos
1062 1422 1281 1493 multa
1322 1420 1653 1514 congerie
1688 1420 2043 1490 siccorum
2089 1418 2447 1513 lignorum
2485 1420 2714 1519 adipis
2748 1436 2820 1492 et
2854 1446 2962 1493 sa·

850 1536 1130 1631 giminis
1160 1542 1181 1575 ¹
1206 1538 1351 1608 cito
1402 1535 1726 1606 fomento
1779 1532 2086 1604 flammis
2147 1534 2622 1605 accendendis
2685 1538 2961 1607 onerari

850 1652 1242 1724 feceramus
1273 1653 1498 1741 (erant
1529 1649 1722 1720 enim
1755 1648 2352 1720 excommunicati
2385 1663 2454 1720 et
2483 1652 2780 1721 omnino
2812 1650 2958 1721 dia-

849 1766 1132 1863 bolici),
1162 1781 1369 1863 porta
1397 1766 1468 1836 in
1503 1789 1720 1836 manu
1755 1764 1924 1835 forti
1948 1780 2352 1861 opponunt,
2393 1781 2474 1836 ut
2519 1782 2594 1837 et
2625 1766 2792 1863 ipsis
2818 1790 2964 1836 car-

851 1882 947 1953 ris
1013 1879 1423 1952 incendium
1488 1878 2023 1975 inextinguibile
2087 1880 2510 1977 propinent,
2573 1896 2646 1951 et
2703 1882 2964 1978 seipsos

852 1998 1183 2094 opposito
1235 1993 1593 2090 lignorum
1623 2018 1874 2089 aggere
1925 2010 2280 2068 tueantur.
2347 1998 2670 2092 Cumque
2710 1996 2829 2067 alii
2855 2021 2964 2068 ac·

851 2111 1181 2201 cendere‚
1228 2110 1343 2181 alii
1382 2110 1785 2204 extinguere
1820 2110 2216 2206 periculose
2248 2125 2688 2199 concertant,
2725 2136 2964 2183 comes

850 2225 1299 2299 Theobaldus
1325 2225 1637 2316 aliunde,
1673 2250 1755 2296 ea
1789 2224 2055 2297 scilicet
2083 2240 2289 2323 parte
2321 2252 2461 2323 qua
2490 2228 2778 2325 respicit
2811 2232 2964 2299 Car-

855 2357 1130 2430 notum,
1164 2367 1423 2439 magno
1444 2356 1515 2413 et
1551 2340 1842 2412 militari
1875 2355 1946 2412 et
1982 2340 2296 2439 pedestri
2316 2342 2631 2413 exercitu
2652 2358 2964 2415 castrum

849 2461 1191 2549 assiliens,
1219 2458 1557 2531 invadere
1575 2482 1857 2529 memor
1872 2456 2296 2552 injuriarum
2317 2456 2602 2529 festinat
2637 2484 2654 2527 ε
2688 2473 2762 2530 et
2788 2457 2964 2531 dum

850 2578 1042 2647 suos⁸
1080 2573 1313 2645 arduo
1354 2573 1555 2646 valli*
1600 2570 1882 2644 declivo
1935 2571 2321 2643 ascendere
2367 2576 2701 2665 concitat,
2757 2576 2962 2647 citius

850 2690 1305 2782 descendere,
1356 2690 1583 2761 immo
1638 2712 1976 2760 corruere
2013 2686 2247 2779 dolet3
2293 2712 2474 2786 quos
2514 2705 2720 2761 caute
2765 2692 2961 2788 quasi

846 2832 1117 2905 pronos
1145 2829 1430 2903 serpere
1450 2828 1735 2875 sursum
1755 2802 1970 2898 cogit,
2005 2802 2343 2875 deorsum
2372 2805 2664 2903 supinos
2683 2806 2964 2877 incaute

846 2922 1267 3021 praecipitari
1320 2920 1635 3017 respicit,
1689 2932 1760 2989 et
1806 2933 2081 3009 utrum,
2137 2919 2678 3016 insequentibus
2723 2922 2960 3010 moliS,

846 3036 1176 3132 spiritum
1222 3034 1572 3122 exhalent,
1596 3056 2023 3129 cognoscere
2073 3034 2344 3129 satagit.
2401 3036 2543 3123 Qui
2599 3036 2792 3106 enim
2823 3038 2960 3108 mi·-

845 3150 1005 3221 lites
1037 3148 1493 3221 velocissimis
1534 3147 1735 3244 equis
1767 3148 1980 3219 castri
2005 3145 2498 3220 defensionem
2526 3149 2958 3241 circuibant,

850 3264 1274 3337 manualiter
1307 3261 1548 3358 glandi
1577 3262 1986 3351 innitentes,
2026 3263 2392 3358 inopinate
2425 3263 2603 3335 dum
2635 3288 2970 3362 superve-

846 3382 1085 3453 nirent
1110 3379 1497 3469 caedebant,
1536 3376 2090 3469 detruncabant,
2123 3393 2194 3449 et
2227 3378 2320 3449 ab
2349 3380 2496 3450 alto
2547 3380 2790 3451 fossati
2812 3382 2964 3452 imo

849 3497 1189 3591 graviter⁵
1218 3494 1671 3593 dejiciebant.
1720 3497 2022 3590 Jamque
2052 3516 2309 3564 manus
2339 3492 2704 3565 dissolutae
2737 3510 2812 3566 et
2837 3494 2968 3566 de-

846 3606 1121 3678 bilitata
1164 3631 1392 3702 genua
1442 3606 1785 3677 assultum
1820 3604 2132 3700 sopitum
2175 3628 2358 3701 pene
2401 3604 2754 3696 fecerant3
2795 3631 2963 3677 cum

850 3720 1107 3814 valida,
1160 3724 1385 3795 immo
1434 3721 1891 3819 omnipotens
1940 3720 2451 3819 omnipotentis
2493 3720 2625 3793 Dei
2675 3746 2960 3812 manuS,

928 3932 989 3989 1.
1026 3934 1106 3989 Et
1132 3930 1231 3988 dat
1262 3929 1417 3989 solus
1446 3932 1578 3992 cod.
1606 3933 1788 4003 6265,
1815 3931 1974 4008 quod
1999 3930 2240 3991 verbum
2271 3931 2555 3992 admisere
2579 3931 2960 3994 Benedictini.

925 4026 984 4080 2.
1013 4021 1108 4082 Sic
1132 4022 1479 4083 unanimiter
1505 4022 1726 4081 laudati
1755 4024 1927 4083 codd.
1959 4056 2038 4069 —
2063 4028 2368 4105 Sanguim's
2391 4028 2527 4089 edd.

930 4118 988 4175 3.
1018 4122 1165 4174 Dum
1192 4117 1295 4175 sub
1315 4121 1493 4175 arduo
1518 4118 1674 4177 solus
1697 4120 1828 4181 cod.
1863 4121 2039 4180 6265.

930 4214 989 4268 4.
1018 4208 1111 4269 Sic
1144 4208 1310 4272 codd.
1347 4214 1487 4283 543,
1524 4212 1665 4285 ¹135,
1695 4220 1752 4274 et
1777 4209 1916 4273 edit.
1951 4212 2148 4273 Germ.
2181 4244 2258 4256 —
2287 4209 2465 4286 Alias,
2495 4218 2676 4274 vallis.

930 4307 987 4363 ὅ.
1018 4304 1277 4360 Graviter·
1294 4304 1469 4382 ledos,
1498 4321 1607 4380 pro
1637 4306 1810 4373 Iaesos,
1841 4302 1994 4363 solus
2016 4301 2146 4364 cod.
2184 4305 2401 4363 12710.
