3275 5317
1120 558 1475 615 CHARTES.
2235 567 2342 624 321

222 685 409 759 villa
448 684 638 758 beati
686 685 1009 783 Dionysii
1054 701 1422 760 manentes
1476 702 1836 761 mortuam
1884 712 2178 764 manum
2229 694 2356 767 ha-

226 774 555 893 ssebunt‚
620 803 897 875 etiamsi
946 803 1421 901 propinquior
1471 802 1728 900 aliquis
1791 804 2039 899 fuerit,
2095 810 2222 907 qui
2287 813 2359 885 in

228 934 431 991 terra
472 916 664 990 beati
720 917 1040 1017 Dionysii
1074 917 1187 989 vel
1237 916 1370 990 sub
1408 919 1682 991 viatura
1721 920 1874 1017 ejus
1920 924 2358 1001 mansionem

226 1036 313 1105 in
351 1032 638 1133 praefata
672 1033 839 1105 villa
878 1034 1170 1105 minime
1210 1032 1566 1105 habuerit.
1608 1034 1682 1106 Si
1725 1036 2115 1134 aliquando
2147 1042 2361 1113 etiam

230 1150 557 1221 evenerit
609 1163 689 1220 ut
746 1147 927 1220 filias
980 1174 1139 1221 suas
1196 1148 1611 1221 horninibus
1661 1150 1871 1224 alieni
1919 1153 2099 1249 juris
2149 1160 2364 1229 mari-

236 1278 436 1355 tent,
488 1262 891 1335 nullatenus
942 1265 1043 1335 eis
1090 1278 1444 1335 mortuam
1506 1288 1802 1335 manum
1855 1268 2355 1363 concedimus3

238 1378 485 1451 sedin
533 1378 649 1476 jus
699 1379 1023 1451 revocari
1076 1379 1373 1451 omnino
1425 1379 1736 1477 petimus
1783 1394 1996 1479 atque
2041 1386 2364 1485 praecipi-

234 1519 431 1565 mus.
490 1496 876 1567 Enimvero
896 1551 919 1585 ,
970 1495 1151 1565 sicut
1187 1494 1464 1591 justum
1513 1518 1664 1566 esse
1721 1495 2032 1569 evidenti
2088 1500 2366 1574 ratione

235 1608 755 1707 perpendimus
787 1609 1083 1706 injustas
1108 1609 1511 1682 exactiones
1540 1607 1634 1680 ab
1677 1610 1764 1681 iis
1808 1635 1991 1708 quos
2040 1614 2364 1709 affligunt

240 1739 317 1796 et
366 1724 786 1822 opprimunt
823 1725 938 1822 pia
983 1723 1551 1797 consideratione
1581 1749 1956 1798 removere
1972 1780 1991 1816 ‚
2047 1729 2146 1801 ita
2178 1729 2359 1802 indi-

238 1864 467 1935 gnum
499 1862 649 1910 esse
684 1838 1091 1911 censuimus
1118 1838 1203 1910 iis
1235 1839 1387 1935 qui,
1423 1863 1498 1910 se
1548 1853 1619 1910 et
1664 1862 1791 1912 sua
1833 1840 2043 1914 nobis
2087 1844 2366 1919 subtra-

246 1954 521 2045 heud0,
563 1954 967 2027 dominium
1008 1953 1315 2025 ecclesiae
1347 1968 1603 2025 nostrae
1631 1953 2122 2053 subterfugere
2163 1986 2364 2035 com-

242 2070 649 2165 probantur
673 2124 693 2161 ,
748 2069 1189 2141 remissionis
1238 2084 1644 2167 spontaneae
1707 2071 2000 2165 gratiam
2029 2126 2050 2164 ,
2119 2090 2368 2173 utpote

242 2182 597 2257 beneficia
641 2184 959 2280 ingratis,
1009 2186 1579 2274 communicare,
1635 2208 1855 2280 quam
1929 2211 2064 2284 pro
2139 2192 2367 2264 salute

241 2298 500 2371 animae
534 2324 709 2372 meae
750 2315 823 2372 et
856 2315 1390 2372 antecessorum
1440 2313 1512 2371 et
1554 2324 2052 2373 successorum
2093 2320 2372 2377 nostro-

244 2438 443 2506 rum,
474 2429 547 2487 et
580 2414 860 2487 honore
890 2415 1201 2487 ecclesiae
1232 2428 1493 2485 nostrae
1522 2428 1594 2485 et
1617 2438 2130 2487 conservorum
2149 2417 2168 2453 ¹
2206 2444 2368 2492 nos-

141 2531 156 2546 ‘
242 2544 555 2621 trorum,
601 2555 686 2602 ex
724 2528 1224 2603 benivolentiae
1262 2528 1523 2601 affectu
1555 2527 1827 2627 placuit
1862 2544 2220 2628 praestare.
2266 2538 2366 2606 Ne

246 2648 410 2743 quis
443 2670 616 2720 vero
647 2648 720 2720 in
748 2661 1148 2745 posterum,
1188 2642 1402 2716 simili
1436 2643 1773 2716 inductus
1813 2646 2166 2745 exemplo,
2205 2648 2374 2721 licet

249 2786 397 2833 non
428 2761 584 2859 pari
608 2776 809 2849 vot0,
838 2760 932 2833 de
960 2759 1253 2856 reliquis
1284 2757 1591 2833 ecclesiae
1624 2757 1818 2831 beati
1836 2759 2157 2859 Dionysii
2190 2787 2369 2860 prae-

248 2876 389 2949 diis
420 2876 614 2948 idem
641 2890 1024 2974 praesumat
1054 2900 1227 2947 ausu
1266 2875 1647 2946 temerario
1681 2897 1918 2969 agere,
1953 2900 2036 2947 ex
2056 2880 2369 2952 auctori-

250 3006 323 3063 ta
332 3006 399 3063 te
421 2991 553 3062 Dei
573 2990 1087 3089 omnipotentis
1108 3004 1179 3061 et
1205 2987 1997 3085 beatorummartyrum
2019 2993 2368 3090 Dionysii,

254 3106 525 3180 Rustici
590 3120 661 3178 et
708 3104 1088 3177 Eleutherii
1110 3159 1129 3197 ,
1183 3103 1679 3176 interdicimus
1724 3103 1861 3176 sub
1903 3108 2374 3183 anathematis

252 3220 819 3321 interpositione.
875 3219 1093 3307 Quod
1143 3234 1381 3291 autem
1445 3218 1942 3293 benivolentiae
1995 3222 2236 3296 studio
2306 3241 2378 3298 et

253 3336 767 3435 compassionis
805 3332 1071 3406 affectu
1102 3333 1538 3431 peregimuS‚
1576 3335 1750 3431 regii
1791 3336 2243 3411 munimento
2281 3341 2374 3412 si-

254 3453 407 3549 gilli
435 3468 509 3526 et
531 3476 909 3542 consensu,
936 3476 1077 3521 una
1112 3474 1283 3521 cum
1309 3449 1505 3522 bulla
1537 3466 1810 3539 nostra,
1833 3450 1924 3522 ad
1951 3468 2379 3551 perpetuum

256 3582 843 3655 monumentum,
889 3564 1305 3664 subscriptis
1352 3564 1766 3638 auctoribus
1805 3580 1878 3638 et
1923 3566 2256 3658 testibus,
2297 3582 2380 3640 ut

260 3684 603 3780 deinceps
628 3681 986 3755 illibatum
1016 3695 1459 3779 permaneat,
1494 3678 1908 3753 confirmari
1939 3695 2010 3752 et
2041 3680 2383 3755 corrobo-

256 3799 409 3871 rari
456 3799 777 3872 fecimuS.

358 3916 617 3987 Actum
669 3914 747 3985 in
798 3912 1235 3987 monasterio
1281 3909 1475 3984 beati
1531 3910 1851 4007 Dionysii
1869 3964 1889 4001 ,
1942 3910 2017 3983 in
2078 3914 2383 4009 generali

258 4044 656 4121 conventu,
690 4028 1112 4128 praesidente
1156 4026 1431 4103 domno
1470 4025 1792 4122 Sugerio,
1837 4026 2223 4101 venerabili
2251 4029 2384 4103 ab-

345 4276 403 4333 1.
444 4277 733 4332 Servorum
755 4270 853 4333 ed.
883 4270 1142 4333 Dubleti.
