3275 5317
946 580 1071 637 vm
1108 581 1213 638 DE
1254 580 1475 638 LOUIS
1513 582 1607 638 LE
1645 579 1863 642 GROS.
2346 582 2457 637 107

352 716 535 788 tium
578 716 1133 786 sarracenorum
1186 715 1493 810 impetus
1550 710 2018 783 munitissima
2072 711 2318 783 civitas
2355 740 2374 804 ;
2417 735 2462 783 a

351 831 652 903 domino
676 854 864 925 rege,
890 828 1062 925 quia
1086 827 1237 923 jam
1262 828 1649 901 adventum
1683 827 1834 924 ejus
1861 826 2209 918 audierat,
2243 826 2461 900 desti-

347 950 503 1023 nati
530 947 861 1019 mandata
882 945 1343 1044 deposuimus
1360 1003 1379 1033 ‚
1411 944 1604 1017 diem
1636 958 1909 1017 certam
1938 942 2324 1042 locumque
2351 945 2464 1015 Vi-

346 1064 613 1137 ziliaci¹
654 1062 886 1135 mutui
920 1061 1285 1158 colloquii,
1316 1084 1485 1132 cum
1533 1060 1688 1156 ejus
1717 1057 2247 1150 benedictione,
2291 1060 2460 1157 quia

347 1182 549 1277 regni
586 1180 937 1277 primitias
961 1176 1475 1269 obtuleramuS,
1514 1190 1884 1271 gratanter
1907 1176 2452 1274 reportavimus,

346 1297 475 1367 Cui
494 1320 664 1371 cnm
692 1294 1031 1366 dominus
1056 1317 1182 1365 rex
1204 1316 1581 1365 occurrere
1608 1305 2025 1381 maturaret,
2057 1292 2462 1365 nuntiatum

346 1426 455 1485 est
484 1410 797 1485 eundem
858 1434 1218 1481 summum
1272 1406 1719 1505 pontificem,
1776 1405 2164 1505 podagrico
2203 1406 2463 1479 morbo

348 1528 479 1599 diu
506 1526 983 1617 laborantem,
1019 1541 1168 1597 tam
1203 1526 1540 1598 Romanis
1569 1546 1790 1621 quam
1825 1523 2112 1595 Francis
2143 1523 2303 1595 vitae
2335 1523 2462 1597 de-

344 1644 707 1741 positione
750 1642 1147 1740 pepercisse
1165 1644 1209 1711 ².
1250 1641 1467 1737 Cujus
1500 1638 1914 1737 apostolicis
1955 1639 2266 1735 exequiis
2297 1664 2463 1711 cum

348 1758 559 1830 multi
604 1758 1099 1853 religiosorum
1150 1756 1471 1829 virorum
1532 1770 1604 1828 et
1636 1754 1964 1827 Ecclesiae
2011 1754 2463 1853 praelatorum

348 1875 688 1945 interesse
769 1872 1215 1944 festinassent
1241 1925 1262 1961 ‚
1373 1871 1595 1943 astitit
1653 1872 1977 1943 virorum
2041 1870 2463 1944 venerabilis

348 1988 621 2061 Guido⁸
657 1988 1069 2059 Viennensis
1098 1986 1700 2085 archiepiscopuS,
1740 1985 2127 2084 imperialis
2159 2002 2232 2059 et
2257 1988 2464 2082 regiae

352 2102 791 2175 celsitudinis
862 2102 1237 2175 dirivativa
1326 2102 1938 2197 consanguinitate
2039 2125 2458 2195 generosus,

353 2218 584 2290 multo
612 2218 1015 2313 generosior
1052 2217 1381 2289 moribus
1406 2246 1427 2307 3
1448 2217 1575 2313 qui
1601 2240 1772 2287 cum
1803 2217 1878 2286 in
1919 2215 2188 2286 somnis
2215 2216 2458 2313 proxi-

347 2358 469 2405 ma
499 2349 733 2425 nocte,
792 2348 962 2431 apto
1006 2333 1175 2405 satis
1216 2332 1381 2403 licet
1406 2336 1428 2370 ⁴
1460 2332 1704 2425 ignoto
1759 2331 2128 2429 praesagio,
2176 2329 2466 2401 vidisset

347 2447 482 2519 sibi
522 2473 563 2517 a
590 2472 895 2547 persona
920 2460 1361 2547 praepotente
1384 2445 1633 2517 lunam
1667 2444 1800 2516 sub
1832 2444 2212 2539 chlamyde
2252 2468 2464 2543 repo-

347 2564 562 2635 sitam
598 2563 979 2652 committi,
1026 2586 1118 2633 ne
1152 2584 1361 2631 causa
1394 2559 1718 2631 Ecclesiae
1753 2557 2134 2657 Apostolici
2169 2560 2466 2631 transitu

348 2676 885 2774 periclitaretur
903 2733 922 2767 ,
964 2674 1059 2746 ab
1105 2700 1187 2746 ea
1227 2700 1383 2771 quae
1428 2674 1675 2747 aderat
1722 2699 2021 2747 romana
2061 2674 2354 2747 ecclesia
2391 2674 2463 2745 in

350 2814 725 2861 summum
752 2790 1167 2888 pontificem
1206 2790 1467 2863 electus
1482 2794 1529 2881 ⁸,
1569 2791 1862 2863 visionis
1897 2791 2271 2863 veritatem
2298 2814 2466 2862 enu-

345 2905 649 2977 cleatius
694 2906 1215 2979 animadvertit.
1255 2906 1694 2979 Sublimatus
1726 2908 1966 3004 itaque
2013 2921 2226 2978 tantae
2261 2906 2462 2977 celsi-

346 3021 622 3093 tudinis
650 3020 1011 3117 dignitate,
1050 3023 1380 3118 gloriose,
1430 3023 1820 3114 humiliter,
1870 3022 1995 3094 sed
2027 3037 2314 3095 strenue
2338 3026 2466 3093 Ec-

346 3136 576 3209 clesiae
610 3138 773 3234 jura
810 3136 1221 3236 disponenS,
1274 3162 1523 3213 amore
1564 3153 1637 3209 et
1678 3138 1967 3211 servitio
2013 3138 2288 3209 domini
2335 3142 2466 3208 Lu-

348 3249 589 3323 dovici
620 3252 801 3350 regis
826 3268 899 3324 et
928 3252 1188 3325 nobilis
1240 3252 1587 3325 Adelaidis
1649 3256 1906 3349 reginae
1959 3254 2190 3353 neptis
2221 3250 2406 3353 [suae]
2431 3255 2454 3293 ⁸

348 3369 584 3466 aptius
612 3369 1094 3442 ecclesiasticis
1116 3370 1548 3467 providebat
1575 3370 1895 3465 negotiis.

450 3486 685 3556 Remis
716 3486 955 3582 itaque
999 3486 1548 3557 celeberrimum
1596 3484 1962 3559 celebrans
1997 3482 2387 3556 concilium
2410 3484 2459 3574 ⁶¹,

348 3620 520 3669 cum
576 3600 821 3695 legatis
868 3602 1317 3698 imperatoris
1363 3602 1678 3691 Henrici,
1730 3625 1868 3698 pro
1918 3622 2093 3697 pace
2123 3596 2446 3672 Ecclesiae

433 3839 461 3894 1
479 3882 492 3896 .
524 3839 691 3895 Nunc
715 3840 962 3908 Vezelay
984 3835 1251 3916 (Yonne).
1282 3870 1363 3883 --
1381 3841 1444 3900 Ξ.
1473 3841 1641 3898 Anno
1668 3842 1846 3911 1119,
1873 3836 1968 3897 die
1983 3835 2110 3919 jan.
2139 3838 2237 3899 29.

436 3933 493 3990 3.
526 3934 743 3991 Wutdo
774 3932 995 3991 12710.
1036 3961 1116 3976 -
1158 3933 1219 3990 4.
1257 3938 1421 3991 Licet
1443 3940 1587 3989 satis
1616 3934 1835 3993 12710.

433 4026 490 4082 5.
525 4022 637 4081 Die
677 4024 929 4082 secunda
970 4023 1176 4082 mensis
1214 4023 1511 4097 februarii,
1542 4044 1639 4085 an.
1676 4028 1850 4099 1119,
1896 4025 2110 4085 electus
2134 4036 2220 4083 est
2247 4024 2466 4095 Guido,

351 4114 607 4175 Calixtus
627 4118 683 4175 H
708 4128 961 4177 vocatus.

434 4210 494 4267 6.
522 4214 649 4269 Sua
674 4209 825 4269 inter
846 4209 1084 4270 uncinos
1107 4211 1329 4271 addunt
1347 4209 1734 4274 Benedictini.

435 4306 493 4361 7.
530 4300 637 4373 Die
662 4300 929 4361 vicesima
956 4302 1210 4363 octobris
1236 4302 1491 4382 ejusdem
1518 4301 1677 4362 anni.
