3275 5317
970 588 1095 645 VlE
1132 590 1233 645 DE
1273 589 1497 647 LOUIS
1537 590 1629 645 LE
1669 588 1889 649 GROS.
2370 594 2484 651 133

372 744 536 791 eam
582 744 797 818 quam
841 722 1058 792 miser
1104 718 1547 793 inhabitabat
1602 745 1960 793 cameram
2019 720 2478 820 deportatum

370 850 583 927 esset,
644 837 828 907 sicut
854 842 875 881 ¹
915 836 974 907 si
1026 838 1179 935 ipse
1225 836 1579 908 Dominus
1602 840 1804 908 Jesus
1839 838 2328 910 miserrimum
2356 865 2480 913 vas

371 950 691 1023 hominis
719 951 1014 1024 minime
1045 952 1493 1050 poenitentis¹
1548 951 1750 1024 nullo
1782 952 2004 1025 modo
2034 953 2308 1049 ingredi
2337 978 2486 1027 sus-

375 1067 659 1158 tineret,
697 1091 865 1137 mox
901 1082 981 1138 ut
1019 1066 1137 1139 ille
1170 1092 1484 1163 nequam
1516 1066 1784 1139 collum
1811 1068 2057 1160 erexit,
2089 1067 2284 1140 illico
2312 1094 2486 1141 con-

375 1182 683 1256 fractum
758 1182 1077 1271 retorsit,
1156 1197 1227 1254 et
1288 1183 1619 1281 spiritum
1712 1184 2162 1256 teterrimum
2231 1184 2488 1259 divinae

374 1322 627 1398 expers
703 1298 1153 1371 Eucharistiae
1213 1299 1589 1372 exhalavit.
1679 1301 1822 1372 Rex
1887 1313 2126 1371 autem
2191 1300 2487 1373 ulterius

372 1430 497 1489 aut
566 1429 941 1487 mortuum
996 1428 1123 1487 aut
1160 1414 1433 1485 mortui
1472 1429 1736 1486 terram
1780 1416 2111 1514 prosequi
2148 1413 2486 1511 dedigna-

373 1544 515 1621 tus,
549 1543 1033 1602 mercatorum
1054 1528 1697 1627 emancipationem
1713 1544 1786 1601 et
1807 1528 2302 1601 thesaurorum
2335 1529 2486 1625 ejus

370 1646 757 1717 maximam
796 1661 1068 1744 partem
1119 1668 1162 1715 a
1202 1644 1507 1741 conjuge
1550 1660 1624 1717 et
1655 1644 1816 1716 filiis
1848 1644 2164 1735 extorsit,
2205 1660 2274 1717 et
2307 1669 2484 1744 pace

371 1760 683 1833 ecclesiis
736 1774 968 1833 morte
999 1760 1285 1858 tyranni
1317 1760 1668 1853 restituta,
1711 1761 1940 1833 victor
1975 1760 2282 1833 Parisius
2301 1763 2324 1801 ³
2354 1786 2486 1833 re-

372 1878 665 1950 meavit.

470 1991 613 2065 Sed
660 2006 731 2063 et
783 1991 925 2064 alio
981 2004 1329 2089 tempore,
1384 2016 1551 2064 cum
1590 1991 1990 2083 [occasione
2055 1990 2488 2091 dapiferatus

356 2108 770 2179 ‘emersisset
815 2106 1005 2179 inter
1049 2106 1427 2178 dominum
1470 2131 1714 2202 regem
1763 2122 1834 2179 et
1889 2106 2324 2177 Amalricum
2391 2106 2481 2179 de

369 2224 611 2294 Monte
642 2224 837 2295 Forti
906 2222 1146 2293 virum
1209 2220 1585 2311 illustrem,
1636 2221 2046 2292 stimulante
2112 2222 2483 2319 Stephano

366 2336 891 2429 Garlandensi⁴‚
930 2335 1217 2432 grandis
1255 2334 1651 2426 altercati0,
1707 2350 1775 2407 et
1805 2350 1956 2407 tam
2003 2336 2182 2431 regis
2227 2336 2482 2431 anglici

365 2476 586 2549 quam
606 2454 891 2526 comitis
916 2450 1308 2523 Theobaldi
1347 2450 1710 2523 fulciretur
1743 2451 2109 2546 suffragiO‚
2154 2451 2482 2523 festinato

365 2564 675 2635 exercitu
710 2563 1116 2634 [jvfiacum
1149 2559 1431 2633 obsedit
1463 2576 1802 2651 castrum,
1848 2582 1923 2634 et
1953 2562 2206 2633 erectis
2247 2562 2482 2661 impu·

366 2678 711 2773 gnatoriis
744 2675 1115 2765 machinis,
1156 2676 1509 2771 frequenti
1542 2677 1912 2749 invasione
1955 2676 2214 2749 crebro
2237 2702 2482 2773 aggre-

369 2792 576 2864 diens
608 2792 909 2889 impetu,
942 2790 1319 2862 fortissime
1352 2792 1800 2887 expugnavit.
1832 2795 1922 2864 Et
1957 2792 2298 2889 quoniam
2331 2794 2481 2889 ejus

364 2930 615 2979 comes
684 2921 756 2978 et
823 2918 1167 3000 cognatus
1225 2928 1601 2999 germanus
1675 2904 2017 2979 Radulfus
2053 2910 2076 2946 ³
2099 2908 2475 2979 Viroman-

364 3018 631 3111 densiS,
681 3018 1029 3091 balistarii
1068 3016 1375 3115 quadr0‚
1434 3020 1507 3090 in
1560 3020 1822 3091 assultu
1871 3022 2470 3119 promptissimuS‚

363 3129 581 3204 oculo
615 3144 721 3203 est
752 3132 1091 3229 privatus,
1124 3130 1597 3202 fortissimum
1628 3146 1940 3205 castrum
1963 3132 2284 3205 funditus
2316 3134 2481 3206 sub-

362 3248 599 3320 vertit.
643 3248 785 3319 Sed
820 3261 892 3318 et
921 3250 1121 3318 tanto
1150 3271 1567 3343 guerrarum
1591 3245 1786 3319 bello
1817 3272 1940 3320 eos
1971 3248 2233 3339 affecit,
2280 3248 2476 3345 quod

366 3361 467 3431 et⁸
505 3358 981 3457 dapiferatum
1006 3373 1079 3430 et
1105 3357 1541 3456 dapiferatus
1566 3358 2057 3431 haereditatem
2087 3360 2281 3432 bona
2304 3383 2478 3457 pace

366 3473 845 3570 relinquentes
886 3468 1425 3546 abdicaverunt.
1451 3477 1608 3560 Qua
1640 3498 1893 3568 guerra
1913 3474 2064 3572 ipse
2091 3474 2308 3544 etiam
2323 3498 2474 3561 rex,

368 3590 535 3686 quia
568 3590 887 3662 militaris
918 3590 1028 3660 vir
1056 3604 1231 3679 erat,
1259 3612 1542 3687 semper
1559 3604 1939 3687 promptus
1963 3588 2038 3658 in
2059 3587 2328 3677 hosteS,
2350 3587 2481 3659 ba-

371 3700 615 3775 listarii
684 3704 1121 3777 immissione
1187 3702 1445 3801 quadri
1509 3728 1720 3776 crure
1777 3703 2206 3801 perforatum,
2276 3703 2480 3775 laesus

452 3903 508 3959 1.
533 3902 631 3959 Sic
659 3900 875 3958 12710.
900 3930 977 3943 -
1019 3902 1079 3959 2.
1110 3899 1393 3967 Patentis,
1424 3896 1724 3968 mendose,
1754 3894 1839 3956 id.
1869 3896 2002 3956 cod.

447 3992 507 4051 3.
541 3994 804 4049 Par-isius
846 3991 1019 4051 codd.
1066 4010 1265 4049 omnes
1302 4001 1362 4049 et
1403 3988 1544 4051 edit.
1598 3988 1893 4052 Benedict.
1915 4022 1997 4035 —-
2048 3992 2298 4050 Parisiis
2341 3982 2484 4050 reli-

370 4102 496 4162 quae
522 4082 659 4145 edd.
1204 4140 1217 4153 ,

450 4179 510 4236 4.
540 4178 953 4239 Warlemdensi
972 4178 1191 4237 12710.
1234 4179 1388 4236 —5.
1416 4177 1499 4233 Ut
1527 4174 1721 4254 supra.

454 4273 513 4329 6.
546 4272 625 4327 Et
652 4268 829 4329 codd.
864 4288 1063 4329 omnes
1092 4287 1159 4329 ac
1180 4267 1321 4329 edit.
1351 4266 1646 4326 Benedict.
1670 4298 1753 4311 -
1779 4270 1860 4326 Εἰ
1880 4264 2112 4344 reliquae
2143 4265 2275 4328 edd.
