3275 5317
836 588 953 645 ¹72
1271 586 1595 645 OEuvasss
1634 568 2062 644 comparas
2102 584 2203 640 nr.
2243 584 2508 643 susan.

932 742 1307 811 Destructo
1332 732 1686 834 siquidem
1708 734 2048 807 radicitus
2065 758 2202 833 pro
2229 736 2494 806 merito
2525 759 2668 807 suae
2695 734 2936 833 iniqni-

835 854 997 925 tatis
1054 852 1352 925 Puteolo
1410 853 1684 945 castroj,
1747 866 1935 923 terra
1979 852 2443 937 Sanctorum,
2491 864 2640 921 tam
2704 866 2935 923 nostra

835 992 1055 1066 quam
1099 968 1271 1058 aliae,
1323 966 1698 1065 pristinam
1752 966 2025 1064 adeptae
2078 962 2507 1054 libertatem,
2559 990 2718 1062 quae
2753 964 2936 1037 bello

835 1096 1189 1172 aruerant,
1228 1106 1402 1181 pace
1438 1080 1838 1154 floruerunt
1875 1108 1890 1151 :
1929 1079 2293 1152 sterilitate
2324 1081 2655 1179 reposita,
2685 1079 2942 1153 foecun·

836 1195 1132 1270 ditatem
1156 1196 1361 1269 cultae
1380 1194 1879 1269 reddiderunt.
1914 1199 2095 1267 Cum
2123 1209 2366 1266 autem
2389 1209 2554 1294 post
2571 1194 2933 1267 decessum

834 1312 1297 1385 antecessoris
1326 1311 1554 1383 nostri
1575 1309 1786 1382 bonae
1811 1311 2175 1382 memoriae
2199 1309 2363 1382 Adae
2386 1308 2668 1382 abbatis
2689 1310 2784 1382 ad
2811 1311 2938 1383 hu·

828 1427 948 1524 jus
1002 1442 1259 1500 sanctae
1326 1426 1982 1500 amministrationis
2039 1424 2284 1497 sedem
2342 1439 2488 1497 tam
2543 1426 2932 1499 immeritus

837 1566 1056 1639 quam
1110 1542 1366 1615 absens
1421 1556 1828 1639 assumptus
1869 1564 2096 1612 essem
2121 1594 2141 1629 ,
2198 1540 2508 1638 pristinae
2551 1542 2836 1613 virtutis
2875 1558 2938 1613 et

837 1655 1099 1730 laboris
1132 1684 1280 1731 non
1313 1659 1721 1746 immemor,
1763 1657 1932 1753 quia
1964 1653 2232 1728 diutius
2267 1656 2341 1726 in
2375 1655 2495 1727 illa
2524 1654 2932 1731 demoratus

838 1771 1114 1844 fueram
1141 1772 1631 1870 praepositura,
1678 1772 2006 1843 devotius
2033 1769 2122 1842 ad
2155 1770 2342 1843 hanc
2371 1770 2938 1869 amplificandam

838 1888 1120 1959 accessi.
1162 1890 1244 1958 ln
1276 1902 1503 1975 curte,
1541 1910 1762 1985 quam
1792 1886 1956 1987 palo
1989 1901 2061 1959 et
2093 1886 2354 1958 vimine
2395 1886 2786 1977 fii-maram,
2829 1912 2937 1960 ca-

840 2017 1065 2072 strum
1122 1999 1309 2073 bene
1358 2016 1722 2073 muratum
1779 2001 2000 2091 erexi,
2060 2002 2279 2073 turris
2341 2002 2938 2101 propugnaculum

838 2116 1207 2214 principali
1242 2132 1463 2216 portae
1500 2116 1890 2215 supererigi
1929 2117 2099 2207 feci;
2141 2114 2398 2189 domos
2437 2132 2636 2216 aptas
2681 2132 2756 2189 et
2783 2142 2941 2216 pro—

838 2230 1253 2331 pugnabiles
1300 2234 1684 2324 constitui3
1722 2230 2127 2303 libertatem
2181 2232 2392 2320 villae,
2457 2233 2684 2303 immo
2737 2234 2942 2304 totius

841 2361 1072 2439 terrae,
1122 2348 1616 2421 intemeratam
1652 2346 2094 2419 conservavi.
2131 2346 2335 2419 Unde
2359 2346 2538 2418 mibi
2571 2348 2941 2445 aliquando

842 2463 1138 2557 contigit
1178 2464 1400 2561 quod,
1454 2486 1625 2536 cum
1669 2459 2135 2533 Aurelianum
2182 2486 2350 2534 cum
2393 2461 2684 2535 militari
2733 2488 2942 2535 manu

840 2592 1002 2675 post
1030 2576 1413 2649 dominum
1438 2602 1681 2673 regem
1729 2578 2161 2668 festinarem,
2213 2592 2287 2649 et
2317 2578 2779 2676 praepositum
2821 2583 2945 2649 Pu-

840 2692 1013 2765 teoli
1043 2694 1286 2793 priora
1317 2692 1505 2764 mala
1544 2692 2110 2789 reciprocantem
2150 2692 2598 2790 reperissem,
2655 2695 2948 2791 turpiter

844 2823 1131 2907 captum
1159 2809 1382 2899 tenui,
1408 2821 1478 2879 et
1498 2807 1593 2879 ad
1618 2808 1955 2879 Sanctum
1987 2808 2406 2906 Dionysium
2438 2808 2762 2880 vinctum
2787 2834 2945 2881 cum

844 2922 1196 2995 dedecore
1250 2922 1633 2995 transmisi.
1697 2926 1992 3011 Verum,
2021 2922 2188 3019 quia
2237 2923 2696 2995 ecclesiarum
2761 2924 2950 2996 bona

846 3036 1195 3111 industria
1245 3038 1708 3137 praelatorum
1750 3062 1925 3136 pace
1985 3062 2443 3111 concrescere
2479 3054 2552 3110 et
2590 3039 2950 3111 confoveri

846 3152 1115 3224 debent
1141 3207 1161 3244 ,
1219 3154 1532 3225 culturas
1588 3168 1893 3243 nostraS,
1949 3178 2130 3250 quas
2181 3153 2450 3227 ibidem
2510 3153 2951 3227 habebamus

846 3267 1265 3358 dominicaS,
1316 3268 1610 3340 retentis
1661 3266 2080 3340 earumdem
2139 3268 2461 3359 decimis,
2497 3267 2774 3343 colonis
2836 3270 2949 3368 qui

846 3382 1120 3455 ibidem
1160 3381 1644 3455 inhabitarent
1679 3383 2046 3455 censuales
2089 3384 2409 3473 fecimus,
2450 3408 2761 3482 quarum
2789 3410 2953 3457 cen-

846 3523 1032 3589 sum,
1072 3523 1163 3571 ne
1193 3496 1539 3569 oblivioni
1576 3497 1927 3589 tradatur,
1965 3499 2231 3596 scripto
2256 3499 2584 3571 mandari
2616 3500 2953 3598 praecepi-

846 3640 1029 3686 mus.
1066 3618 1153 3685 Et
1174 3629 1255 3685 ut
1287 3614 1535 3711 quanti
1568 3628 1850 3684 constet
1877 3628 2130 3684 nostro
2159 3612 2401 3685 labore
2433 3614 2954 3687 incrementum

846 3730 1305 3827 possessionis
1353 3727 1568 3824 hujus
1624 3728 2037 3820 aestimetur,
2065 3824 2074 3831 ·
2101 3727 2193 3799 de
2253 3730 2741 3826 praepositura,
2801 3754 2956 3827 quae

846 3869 1027 3937 nond
1054 3846 1211 3941 plus
1261 3868 1478 3940 quam
1523 3843 1773 3937 viginti
1828 3842 2050 3914 libras
2095 3841 2328 3917 valere
2359 3842 2657 3934 solebat,
2705 3860 2956 3941 quater

847 3960 1094 4054 viginti
1127 3958 1345 4030 libras
1370 3957 1662 4053 singulis
1687 3959 1892 4029 annis
1917 3957 2292 4031 habemus.
2320 3963 2753 4031 Caeterarum
2789 3985 2957 4031 vero

848 4073 1447 4145 consuetudinum
1487 4072 1886 4144 cotidianus
1915 4098 2088 4145 usus
2138 4073 2367 4145 multo
2405 4073 2812 4147 melioratus
2857 4098 2960 4144 re-

847 4212 1010 4261 rum
1066 4189 1589 4261 incrementum
1637 4186 1973 4261 facillime
2024 4188 2365 4260 disserere
2419 4190 2703 4288 poterit.
2773 4188 2960 4260 Anti-

850 4327 1069 4400 quam
1104 4327 1275 4375 vero
1320 4301 1638 4400 ejusdem
1687 4318 1893 4375 terrae
1941 4302 2514 4398 advocationem,
2570 4302 2660 4375 ad
2717 4302 2958 4375 Firmi-
