3275 5317
906 567 983 625 84
1340 562 1666 621 OEuvmzs
1707 546 2138 620 coMPLETEs
2175 560 2276 616 ms
2319 559 2588 617 snei-211.

898 712 1179 797 portam
1206 709 1627 794 paraverant
1653 698 1698 785 ¹,
1731 691 2066 765 citissime
2096 693 2252 795 Deo
2276 694 2298 729 ⁵
2329 704 2689 763 annuente
2726 688 3012 760 intravi·

897 836 1087 883 muS.
1120 810 1288 903 Qui,
1346 824 1593 882 nostra
1655 806 2018 880 exhilarati
2068 806 2466 905 praesentia,
2511 804 2812 877 sabbata
2851 802 3006 875 hos·

895 927 1079 997 tium
1128 924 1579 1016 deridebant,
1640 921 2022 1020 multisque
2066 920 2402 993 conviciis
2469 936 2541 993 et
2603 920 3004 1020 opprobriis

897 1040 1364 1135 lacessienteS,
1418 1039 1511 1111 ad
1560 1040 2006 1135 reciprocum
2065 1036 2436 1127 assultum,
2495 1060 2614 1107 me
2679 1037 2910 1108 invito
2940 1052 3008 1109 et

896 1156 1349 1254 prohibente,
1376 1153 1832 1227 revocabant.
1865 1156 2137 1224 Verum
2178 1165 2255 1223 ut
2285 1176 2405 1223 me
2435 1152 2757 1246 absente,
2802 1152 2905 1223 sic
2939 1165 3008 1223 et

890 1288 1259 1371 praesente,
1305 1286 1375 1345 et
1407 1270 1819 1344 defensores
1852 1284 1924 1341 et
1955 1268 2448 1342 defensionem
2479 1265 2724 1341 divina
2753 1292 3005 1339 manus

889 1388 1221 1486 protexit.
1260 1391 1589 1482 Cumque
1614 1398 2034 1457 nostrorum
2061 1384 2269 1483 pauci
2298 1381 2391 1454 de
2423 1384 2694 1482 paucis,
2755 1407 3006 1455 eorum

890 1502 1098 1575 multi
1149 1500 1242 1574 de
1278 1500 1521 1573 multis
1578 1499 1928 1572 vulnerati
1981 1498 2393 1589 deficerent,
2455 1498 2575 1570 alii
2633 1498 3006 1596 multiplici

888 1641 1184 1689 suorum
1216 1616 1464 1688 lectica
1495 1613 1966 1711 deportantur
1991 1668 2010 1705 ,
2047 1612 2191 1703 alii,
2229 1636 2392 1684 raro
2428 1611 2772 1683 vilissimo
2807 1627 3008 1689 terrae

884 1757 1133 1829 aggere
1161 1732 1445 1822 retrusi,
1496 1756 1652 1803 cras
1696 1745 1819 1801 aut
1854 1744 2020 1827 post
2068 1752 2220 1800 cras
2263 1727 2623 1801 morsibus
2669 1727 3004 1827 luporum

885 1845 1288 1946 exponendi
1320 1859 1796 1943 reponuntur.

986 1961 1305 2035 Necdum
1330 1959 1714 2032 Puteolum
1745 1960 2010 2059 repulsi
2048 1959 2434 2053 redierant,
2493 1984 2664 2033 cum
2713 1961 3002 2034 Guillel·

884 2100 1046 2150 mus
1091 2074 1591 2149 Garlandensis
1620 2078 1669 2167 ⁸,
1722 2090 1798 2147 et
1845 2074 1940 2147 de
1989 2074 2258 2149 familia
2311 2076 2496 2172 regis
2544 2074 3000 2174 quamplures

881 2192 1365 2291 promptiores
1404 2206 1477 2263 et
1533 2190 1916 2263 validiores
1950 2192 2206 2263 armati
2243 2192 2422 2263 viuoe
2469 2190 2843 2287 suffragari
2887 2216 2996 2265 ac·

880 2308 1220 2398 celerant,
1268 2332 1393 2379 cos
1449 2308 1637 2379 circa
1675 2308 2004 2401 invenire·
2049 2306 2143 2379 ad
2205 2304 2724 2379 ostendendam
2749 2302 2771 2339 ‘
2799 2308 3000 2403 regiae

878 2424 1151 2496 militiae
1190 2422 1566 2495 audaciam
1611 2437 1770 2494 toto
1822 2422 2066 2495 animo
2118 2437 2546 2521 praeoptant.
2612 2426 2816 2511 Quos
2847 2424 2996 2521 ipse

880 2538 1219 2611 dominus
1268 2562 1392 2610 rex
1438 2538 1680 2609 statim
1719 2538 1795 2609 in
1861 2562 2120 2611 aurora
2173 2538 2622 2628 subsecutus,
2673 2561 2848 2610 cum
2881 2560 3000 2610 eos

881 2678 1012 2751 per
1059 2652 1375 2748 burgum
1422 2652 1822 2751 hospitatos
1865 2653 2203 2742 audisset,
2265 2653 2582 2726 votivam
2628 2651 2706 2724 in
2761 2652 2998 2725 hostes

878 2769 1182 2868 parabat
1235 2768 1585 2840 ultionem
1625 2796 1646 2859 3
1707 2783 1908 2841 tanto
1946 2768 2219 2860 hilaris,
2277 2782 2478 2841 tanto
2517 2768 2994 2856 laetabundus,

880 2900 1154 2982 quanto
1206 2908 1331 2957 eos
1376 2882 1610 2955 subita
1656 2898 1911 2979 strage,
1959 2885 2320 2982 inopinata
2364 2884 2636 2957 ultione
2668 2885 2999 2983 inopina·

884 3021 1031 3070 tam
1058 2999 1391 3095 injuriam
1424 3013 1708 3070 strenue
1731 2998 1980 3071 ulcisci
2022 3000 2490 3095 contingeret.
2520 3004 2794 3071 Verum
2840 2998 3003 3071 hos·

883 3131 1015 3205 teS,
1074 3115 1361 3209 cognito
1410 3114 1561 3210 ejus
1593 3112 1936 3203 adventu,
2008 3114 2463 3186 mirabantur
2525 3114 2998 3187 fauctionem⁸

882 3229 1068 3301 adeo
1119 3228 1417 3301 celatam
1444 3230 1466 3267 ⁸
1507 3229 1571 3301 ei
1604 3230 1998 3302 innotuisse
2023 3284 2042 3319 ,
2104 3229 2242 3302 iter
2299 3230 2727 3303 Flandrense
2759 3228 3001 3302 subito

880 3341 1390 3441 postposuisse,
1434 3339 1528 3412 ad
1568 3340 2106 3437 suffragandum
2141 3367 2289 3414 non
2341 3356 2490 3414 tam
2528 3340 2859 3417 celeriter
2889 3368 3008 3414 ve-

880 3459 1068 3532 nisse
1119 3482 1338 3557 quam
1386 3456 1724 3529 evolasse.
1779 3460 2110 3555 Cumque
2157 3456 2340 3530 nihil
2383 3458 2583 3531 aliud
2611 3458 2966 3531 audentes
2983 3461 3006 3497 '

962 3718 989 3774 1
1007 3759 1020 3772 .
1058 3718 1409 3791 Aper-uerunt
1437 3714 1615 3773 6265.
1645 3745 1725 3757 —
1750 3716 1810 3772 2.
1841 3718 1970 3773 Deo
1990 3712 2161 3774 codd.
2193 3730 2416 3772 omncs.
2443 3744 2526 3758 —
2544 3714 2786 3771 Domino
2809 3712 2950 3773 edd.

961 3809 1018 3865 3.
1052 3808 1499 3869 Warlandensis
1522 3804 1585 3863 in
1614 3802 1740 3863 solo
1767 3804 1905 3863 cod.
1935 3804 2159 3865 ¹2710.

961 3902 1024 3959 4.
1047 3898 1141 3959 Sic
1182 3912 1299 3959 tres
1334 3898 1507 3957 codd.
1535 3909 1710 3975 atque
1740 3892 1876 3958 edd.
1901 3896 2103 3956 Germ.
2141 3908 2200 3957 et
2237 3895 2454 3967 Chcsn.
2479 3928 2558 3945 —
2591 3900 3004 3957 onemundam

883 3994 1080 4053 12710
1111 4012 1179 4051 ac
1206 3990 1328 4051 edit
1353 3988 1651 4053 Benedict.
1681 4022 1760 4036 —-
1785 3994 2188 4050 ostentendam
2222 3994 2360 4054 543.

962 4088 1023 4149 5.
1053 4088 1377 4143 Fac-tionem
1399 4084 1617 4142 12710.

962 4180 1021 4237 6.
1054 4179 1347 4247 Caelatam,
1374 4172 1547 4245 male,
1576 4172 1710 4230 edd.
1737 4172 1946 4233 Chesn.
1974 4194 2041 4233 ac
2071 4174 2368 4236 Benedict.

962 4274 1021 4328 7.
1048 4270 1357 4327 Audienees
1380 4268 1497 4327 135
1524 4277 1583 4324 ct
1610 4264 1749 4325 edit.
1782 4265 1990 4331 Chesn.
2021 4300 2108 4319 —
2131 4270 2433 4329 Audiemis
2457 4267 2600 4333 edit.
2629 4270 2834 4331 Germ.

3199 3106 3202 3327 t
