3275 5317
885 630 961 685 36
1305 624 1634 679 cruval-:s
1676 608 2105 680 COMPLETES
2144 623 2245 678 DE
2286 622 2552 681 sunna.

885 786 920 823 α
958 755 1094 827 diis
1119 753 1299 825 haec¹
1328 752 1825 825 terminabitur
1849 750 2157 849 querela.
2186 782 2221 819 n
2244 756 2510 824 Verum
2539 777 2719 851 papa
2744 776 2995 850 quam·

876 869 1116 967 plures
1175 868 1368 941 viros
1424 866 1855 965 approbatos
1903 882 1979 938 et
2030 868 2301 964 peritos
2342 868 2433 939 ad
2486 868 2992 940 cancellarium

877 984 1096 1072 misit,
1126 982 1251 1079 qui
1292 1006 1461 1053 eum
1491 1006 1703 1081 super
1731 982 1843 1053 his
1883 982 2275 1080 composite
2306 996 2375 1053 et
2421 980 2699 1080 placide
2731 1006 2991 1054 conve-

874 1100 1136 1187 nirent,
1177 1111 1246 1170 et
1298 1097 1724 1170 audirentur
1770 1112 1841 1169 et
1870 1096 2227 1187 audirent,
2271 1112 2342 1169 et
2373 1097 2466 1169 ad
2504 1123 2759 1197 pacem
2790 1098 2991 1195 regni

877 1238 1044 1286 eum
1085 1237 1378 1311 operam
1410 1211 1584 1285 dare
1611 1210 1871 1285 obnixe
1900 1228 2299 1286 exorarent.
2338 1213 2619 1302 Quibus
2646 1213 2987 1286 receden-

879 1327 1094 1418 tibus,
1149 1326 1483 1400 dominus
1525 1352 1709 1426 papa
1757 1331 2007 1401 Trecas
2043 1328 2260 1418 venit,
2321 1328 2443 1401 diu
2494 1328 2993 1402 submonitum

876 1442 1270 1516 universale
1310 1441 1695 1515 concilium
1738 1440 2132 1515 honorifice
2177 1443 2561 1517 celebravit
2588 1447 2635 1536 ²,
2712 1459 2786 1517 et
2824 1469 2991 1517 cum

875 1584 1120 1631 amore
1157 1564 1617 1649 Francorum,
1634 1557 1801 1653 quia
1832 1558 2179 1631 multum⁸
2208 1559 2613 1646 servierant,
2629 1574 2702 1631 et
2728 1562 2990 1632 timore

876 1690 948 1747 et
980 1676 1150 1748 odio
1184 1675 1741 1747 Teutonicorum
1776 1670 1868 1745 ad
1896 1675 2121 1747 sancti
2158 1675 2343 1747 Petri
2372 1673 2613 1747 sedem
2648 1700 2989 1774 prospere

877 1790 1244 1863 remeavit.

975 1910 1367 2004 Imperator
1395 1930 1594 1998 ver0,
1623 1905 1939 1978 secundo
1970 1904 2117 1976 fere
2142 1904 2555 1978 recessionis
2582 1904 2738 2003 ejus
2765 1930 2982 1998 anno,

879 2019 1180 2093 collecto
1211 2019 1524 2093 mirabili
1559 2021 1843 2117 triginta
1874 2018 2214 2092 millium*
2243 2021 2450 2094 hoste
2462 2022 2507 2112 ⁸,

1157 2269 1506 2290 ......
1572 2226 1770 2286 Nullas
1790 2224 1902 2285 uisi
1934 2222 2213 2306 sauguine
2240 2226 2369 2285 fuso

1152 2321 1380 2382 Gaudet
1406 2319 1623 2380 habere
1648 2319 1770 2380 vias
1780 2320 1824 2401 ⁸·.

877 2498 1172 2568 Romam
1207 2494 1460 2589 tendit,
1491 2496 1705 2567 inire⁷
1720 2494 1984 2566 callens
2012 2517 2264 2593 pacem
2284 2492 2595 2584 simulat,
2623 2493 2987 2590 querelam

873 2610 1453 2683 investiturarum
1508 2609 1839 2710 deponit,
1889 2607 2116 2681 multa
2168 2623 2239 2681 et
2297 2608 2446 2681 haec
2486 2623 2559 2680 et
2606 2608 2745 2682 alia
2796 2608 2987 2683 bona

869 2724 1278 2822 pollicetur,
1324 2739 1396 2795 et
1439 2739 1520 2796 ut
1557 2721 1815 2795 urbem
1860 2722 2327 2817 ingrediatur,
2376 2724 2542 2821 quia
2588 2722 2795 2795 aliter
2840 2750 2985 2796 non

868 2855 1173 2937 poterat,
1197 2837 1616 2932 blanditur⁸,
1650 2863 1782 2910 nec
1812 2836 2055 2909 fallere
2088 2863 2449 2911 summum
2477 2838 2893 2937 pontificem
2917 2857 2988 2913 et

869 2968 1096 3026 totam
1153 2954 1518 3025 ecclesiam
1535 3006 1556 3044 ,
1613 2953 1761 3025 imo
1810 2953 2047 3051 ipsum
2094 2978 2333 3051 regem
2376 2978 2626 3049 regum
2665 2970 2977 3028 veretur.

869 3066 1098 3157 Unde,
1122 3068 1288 3163 quia
1305 3066 1690 3141 audiebant
1703 3083 1974 3143 tantam
1996 3087 2068 3144 et
2092 3085 2237 3143 tam
2259 3070 2727 3169 perniciosam
2744 3070 2985 3144 Eccle-

871 3183 988 3253 siae
1012 3182 1146 3252 Dei
1175 3183 1478 3281 sopitam
1517 3186 2007 3282 quaestionem,
2042 3210 2248 3284 aequo
2279 3200 2405 3257 aut
2438 3184 2601 3282 plus
2629 3210 2831 3283 aequo
2870 3212 2987 3259 ro-

873 3297 1059 3369 mani
1093 3298 1420 3395 quirites⁹
1445 3299 1843 3399 tripudiant
1858 3358 1877 3395 ,
1909 3303 2139 3405 clerus
2180 3304 2565 3401 supreme¹⁰
2586 3302 2879 3394 exultat,
2910 3319 2987 3376 et

870 3413 1242 3507 quomodo
1269 3438 1438 3486 eum
1469 3415 2062 3490 honorificentius
2125 3432 2198 3491 et
2247 3415 2761 3513 elegantissime
2806 3419 2987 3491 reci-

948 3666 1009 3722 1.
1043 3668 1178 3723 Haec
1212 3663 1374 3723 deest
1397 3663 1458 3723 in
1484 3664 1610 3725 cod.
1645 3668 1765 3726 135
1800 3674 1974 3744 atque
2000 3664 2063 3725 in
2087 3665 2224 3726 edd.

947 3756 1010 3813 2.
1055 3756 1249 3814 Mense
1275 3754 1429 3814 maio
1458 3752 1717 3835 ejusdem
1742 3757 1878 3816 anui
1904 3759 2087 3819 1107.
2112 3788 2188 3803 --
2208 3760 2268 3818 3.
2310 3760 2496 3817 Multi
2519 3758 2634 3818 133
2668 3768 2725 3817 et
2756 3760 2977 3817 12710.

945 3863 1006 3920 4.
1061 3864 1299 3919 Milium
1363 3864 1602 3919 militum
1664 3865 1805 3924 5¹⁵3.
1850 3896 1932 3909 —-
1986 3864 2250 3940 Tn'giteta
2306 3866 2493 3920 mima
2557 3866 2675 3922 135
2718 3875 2778 3922 et
2838 3862 2980 3927 edd.

867 3946 1066 4011 Germ.
1092 3970 1158 4009 ac
1182 3950 1390 4016 Chesu.

944 4046 1003 4101 5.
1045 4048 1218 4105 Hoste
1237 4065 1346 4125 pro
1375 4052 1655 4120 exercitu,
1678 4047 1740 4107 in
1766 4047 1995 4129 vulgari
2017 4048 2201 4109 veteri
2226 4065 2330 4110 ost.

942 4139 1006 4202 6.
1036 4138 1252 4198 Lucani
1278 4139 1512 4213 Phara„
1537 4144 1616 4212 11,
1650 4144 1789 4204 439.
1812 4176 1887 4189 —
1910 4148 1969 4203 7.
2016 4148 2179 4203 Mire
2205 4148 2319 4205 543
2352 4156 2411 4203 et
2433 4146 2570 4205 135.

939 4230 1000 4291 83
1045 4234 1346 4291 Blanditer
1375 4235 1515 4293 133.
1536 4236 1624 4293 De
1646 4232 1753 4293 hac
1776 4234 2161 4317 simulatione,
2201 4240 2271 4300 V.
2293 4235 2465 4316 ἰοῦ-ὲ,
2502 4237 2563 4297 in
2582 4233 2827 4295 Observ.

944 4326 1003 4386 9.
1047 4330 1284 4402 Equites
1312 4328 1489 4386 6265.
1510 4359 1588 4373 -
1622 4330 1723 4388 10.
1746 4333 1971 4389 Summe
1993 4332 2134 4393 133.
2190 4405 2199 4413 ι

3206 3820 3209 3950 1

3204 4058 3207 4213 ἰ

3202 4344 3204 4474 Ι
