3275 5317
874 482 989 537 216
1307 476 1633 537 osuvnss
1675 462 2102 535 comeLs‘rss
2141 478 2242 535 DE
2279 476 2551 537 suern.

870 636 1282 685 moreat-um
1309 611 1809 683 columnarum
1834 610 2172 682 varietate
2184 634 2652 708 componens,
2679 612 3000 710 copiosis

874 726 1233 826 purissimi
1267 728 1419 796 auri
1460 739 1529 797 et
1560 725 1835 821 argenti
1864 725 2212 797 thesauris
2257 724 2855 799 inaestimabiliter
2889 724 2994 797 lo-

874 842 1299 939 cupletasset
1316 894 1337 932 ,
1372 841 1730 938 ipsiusque
1764 840 2152 937 parietibus
2186 856 2258 911 et
2288 841 2645 913 columnis
2687 856 2767 913 et
2795 866 2998 912 arcu·

878 957 1013 1029 bus
1081 981 1257 1027 auro
1323 969 1542 1028 tectas
1610 971 1866 1045 vestes,
1905 955 2448 1051 margaritarum
2519 957 2996 1029 varietatibus

880 1070 1366 1170 multipliciter
1415 1087 1818 1161 exornataS,
1871 1072 2210 1171 suspendi
2265 1072 2542 1144 fecisset
2566 1126 2587 1162 ‚
2653 1074 2996 1168 quatinus

874 1186 1172 1259 aliarum
1204 1184 1656 1258 ecclesiarum
1682 1186 2120 1258 ornamentis
2160 1185 2564 1284 praecellere
2597 1185 2988 1275 videretur,

876 1316 948 1373 et
973 1299 1406 1372 omnimodis
1439 1298 1987 1397 incomparabili
2021 1300 2253 1371 nitore
2293 1323 2625 1389 vernans,
2667 1316 2742 1371 et
2793 1300 2990 1371 omni

876 1425 1060 1482 terra
1093 1410 1619 1508 pulchritudine
1652 1426 1940 1509 compta
1973 1408 2442 1481 inaestimabili
2478 1410 2742 1482 decore
2767 1409 2994 1509 splen-

877 1527 1221 1616 desceret,
1261 1525 1401 1598 hoc
1444 1525 1684 1597 solum
1731 1526 1795 1596 ei
1847 1525 2077 1596 defuit
2115 1526 2310 1621 quod
2365 1551 2585 1622 quam
2627 1540 2990 1623 oporteret

874 1640 1440 1737 magnitudinem
1472 1665 1617 1711 non
1650 1640 1964 1711 admisit.
1995 1644 2153 1712 Non
2178 1640 2377 1738 quod
2395 1640 2674 1739 aliquid
2691 1641 2848 1738 ejus
2877 1640 2992 1712 de-

876 1757 1147 1829 votioni
1199 1772 1324 1828 aut
1356 1755 1708 1828 voluntati
1744 1756 2042 1845 deesset,
2079 1755 2206 1828 sed
2245 1755 2442 1853 quod
2484 1756 2788 1831 forsitan
2823 1772 2988 1829 tunc

874 1878 1221 1971 temporis
1267 1874 1340 1944 in
1373 1873 1734 1970 primitiva
1766 1871 2057 1943 ecclesia
2092 1872 2288 1945 nulla
2329 1872 2568 1945 adhuc
2601 1888 2726 1945 aut
2763 1876 2985 1969 major

877 2003 1000 2062 aut
1040 1987 1327 2085 aequalis
1385 1988 1739 2078 existeret,
1797 2001 1922 2057 aut
1979 1987 2181 2084 quod
2227 1988 2517 2059 brevior
2569 1986 2983 2082 fulgorantis

873 2105 1026 2175 auri
1054 2119 1126 2175 et
1159 2102 1614 2202 splendorem
1648 2126 2092 2198 gemmarum
2124 2104 2644 2201 propinquitati
2679 2101 2983 2174 arriden-

877 2219 1055 2289 tium
1097 2218 1471 2289 oculorum
1526 2240 1656 2288 acu
1667 2217 1802 2288 tius
1846 2215 2477 2314 delectabiliusque
2508 2215 2980 2315 refundendo,

877 2332 1063 2404 ultra
1090 2334 1255 2404 satis
1283 2356 1501 2428 quam
1532 2334 1586 2403 si
1607 2332 1838 2425 major
1857 2330 2324 2403 fabricaretur
2349 2332 2750 2403 irradiaret.

973 2448 1199 2544 Hujus
1229 2445 1593 2518 brevitatis
1625 2448 1912 2542 egregiae
1946 2462 2141 2543 grata
2170 2448 2982 2537 occasione,numerosi-

876 2579 1019 2636 tate
1044 2562 1365 2635 fidelium
1390 2578 1777 2654 crescente,
1802 2577 1874 2634 et
1905 2562 1999 2633 ad
2026 2561 2356 2657 suffragia
2385 2577 2812 2634 sanctorum
2841 2588 2982 2634 cre·

882 2677 1017 2750 bro
1034 2678 1463 2769 confluente,
1480 2692 1708 2749 tantas
1724 2675 2014 2775 praefata
2035 2676 2322 2749 basilica
2340 2678 2690 2749 sustinere
2707 2702 2984 2750 cousue-

882 2795 986 2864 vit
999 2793 1379 2882 molestias,
1397 2808 1479 2863 ut
1496 2792 1775 2889 saepiuS‚
1791 2792 1865 2862 in
1885 2790 2324 2863 solemnibus
2352 2790 2686 2862 videlicet
2713 2790 2978 2882 diebus,

882 2908 1197 2981 admodo
1205 2908 1411 3005 plena
1420 2932 1551 3007 per
1560 2932 1808 2980 omnes
1822 2906 2060 2978 valvas
2076 2904 2450 2978 turbarum
2469 2904 2605 2977 sibi
2617 2930 2984 2978 occurren-

884 3024 1063 3094 tium
1084 3023 1641 3119 superfluitatem
1665 3022 2104 3113 refunderet,
2129 3036 2200 3093 et
2224 3046 2370 3093 non
2402 3021 2638 3093 solum
2654 3022 2985 3094 intrantes

882 3161 1029 3209 non
1061 3138 1347 3225 intrare,
1385 3162 1636 3209 verum
1672 3140 1884 3210 etiam
1917 3137 2042 3234 qui
2071 3138 2222 3232 jam
2263 3136 2706 3209 intraverant
2739 3162 2986 3235 praece-

878 3249 1018 3323 den
1027 3252 1207 3323 tium
1225 3253 1556 3351 expulsus
1574 3252 1762 3324 exire
1775 3251 2259 3351 compelleret.
2270 3251 2567 3323 Videres
2579 3250 2984 3350 aliquando,

886 3367 1242 3465 (mirabile
1269 3368 1455 3466 visu)
1476 3368 1675 3465 quod
1694 3366 2160 3439 innitentibus
2178 3366 2455 3464 ingredi
2483 3367 2577 3438 ad
2597 3368 2988 3441 veneratio·

882 3507 1051 3554 nem
1082 3499 1152 3556 et
1179 3482 1787 3555 deosculationem
1831 3497 2241 3555 sanctarum
2289 3483 2764 3579 reliquiarum
2809 3484 2990 3556 Clavi

883 3620 955 3672 et
980 3604 1278 3673 Coronae
1310 3600 1603 3670 Domini
1643 3612 1836 3670 tanta
1867 3614 2214 3693 congestae
2263 3597 2738 3670 multitudinis
2773 3624 2990 3698 oppo-

881 3713 1187 3785 nebatur
1234 3716 1726 3812 repugnantia,
1780 3728 1860 3785 ut
1904 3716 2092 3785 inter
2138 3714 2514 3785 innumera
2557 3715 2992 3813 populorum

880 3828 1102 3901 millia
1133 3855 1216 3901 ex
1238 3830 1390 3927 ipsa
1416 3833 1527 3899 sui
1554 3828 2083 3926 compressione
2109 3828 2348 3901 nullus
2389 3828 2650 3927 pedem
2697 3854 2988 3901 movere

882 3943 1185 4035 valeret,
1228 3944 1467 4016 nullus
1519 3944 1711 4017 aliud
1760 3970 1844 4017 ex
1887 3946 2041 4044 ipsa
2083 3950 2192 4017 sui
2239 3947 2752 4019 constrictione
2784 3970 2988 4044 quam

883 4060 1065 4131 sicut
1091 4074 1317 4131 statua
1357 4084 1758 4131 marmorea
1779 4073 1989 4150 stare,
2029 4076 2339 4159 stupere,
2381 4060 2583 4158 quod
2613 4086 2842 4134 unum
2881 4086 2986 4133 su·

880 4190 1168 4273 pererat
1204 4173 1619 4249 vociferare.
1659 4175 2044 4251 Mulierum
2080 4191 2322 4251 autem
2358 4191 2555 4248 tanta
2589 4191 2663 4249 et
2703 4191 2848 4249 tam
2889 4177 2986 4246 in·
