3275 5317
1204 601 1567 659 CHARTES.
2329 602 2446 661 847

326 735 874 823 canonicorum,
916 733 991 803 in
1020 730 1140 804 die
1168 731 1633 804 anniversarii
1681 731 1850 823 mei,
1881 730 2066 802 sicut
2102 732 2448 831 scriptum

327 866 439 924 est
468 852 545 922 in
594 864 793 922 carta
856 847 1258 921 testamenti
1302 846 1558 937 nostri,
1615 844 2057 919 concedant:
2096 870 2185 919 eo
2233 864 2446 945 pacto

326 982 401 1039 et
435 988 517 1038 ea
552 964 1053 1055 conventione,
1090 975 1172 1033 ut
1222 960 1295 1033 in
1340 961 1459 1035 die
1506 962 1964 1035 anniversarii
1997 963 2164 1053 mei,
2201 962 2259 1033 si
2285 964 2448 1035 Dei¹

320 1085 551 1183 pietas
576 1079 767 1153 infra
799 1094 996 1177 septa
1036 1078 1247 1175 hujus
1290 1075 1597 1150 ecclesiae
1650 1104 1766 1152 me
1805 1081 2082 1179 sepeliri
2108 1083 2470 1180 permiscel

322 1200 449 1291 rit,
484 1196 687 1270 omni
736 1221 926 1268 anno
988 1194 1084 1267 ad
1132 1194 1567 1293 sepulturam
1623 1220 1860 1268 meam
1910 1200 2440 1289 convenienteS,

322 1313 583 1385 animae
620 1336 793 1384 meae
824 1310 1525 1383 commendationem
1560 1326 1631 1383 et
1669 1313 2042 1385 missarum
2098 1313 2446 1387 solemnia

320 1432 511 1519 De0,
547 1452 684 1525 pro
715 1426 1038 1499 remedio
1078 1426 1487 1524 peccatricis
1518 1427 1773 1499 animae
1815 1431 2051 1519 meae',
2089 1428 2437 1521 offerant3

323 1544 436 1616 sin
464 1558 733 1632 autem,
766 1544 844 1614 in
885 1544 1179 1615 ecclesia
1208 1544 1445 1615 Sancti
1481 1543 1702 1617 Pauli.
1727 1544 1866 1616 Sed
1899 1560 1970 1617 et
1990 1545 2155 1618 ideo
2179 1546 2444 1621 nihilo-

319 1660 562 1732 minus
591 1658 743 1731 haec
775 1658 877 1729 eis
908 1658 1411 1748 concessimus,
1449 1673 1530 1730 ut
1561 1683 1696 1756 pro
1733 1658 1848 1731 his
1876 1676 1949 1732 et
1973 1661 2129 1734 aliis
2163 1661 2444 1735 benefi-

320 1776 479 1866 ciis,
514 1775 589 1845 in
620 1772 827 1846 obitu
870 1773 1313 1869 singulorum
1370 1774 1668 1846 fratrum
1718 1791 2135 1849 nostrorum
2193 1804 2445 1851 mona-

320 1890 626 1963 chorum
682 1887 893 1985 hujus
940 1888 1275 1976 ecclesiae,
1333 1889 1425 1961 ad
1465 1914 1774 1987 corpora
1825 1917 2076 1965 eorum
2120 1893 2445 1966 nondum

318 2002 595 2100 sepulta
654 2004 1117 2095 conveniant,
1158 2004 1402 2101 ibique
1435 1988 2136 2080 commendationem
2192 2010 2444 2081 animae

318 2118 585 2189 faciant
616 2133 689 2190 et
718 2118 812 2190 ad
850 2122 1189 2191 Sanctum
1234 2118 1578 2192 Hilarium
1634 2147 1772 2218 pro
1819 2147 1900 2194 ea
1934 2125 2222 2196 missam
2253 2124 2440 2196 cele-

317 2232 561 2305 brent.
622 2234 695 2305 Si
744 2260 917 2307 vero
976 2234 1343 2308 ecclesiam
1407 2236 1615 2308 istam
1669 2238 1850 2309 'foris
1915 2238 1990 2309 in
2035 2237 2442 2312 obedientia

316 2349 719 2421 monachus
753 2365 996 2422 noster
1025 2350 1312 2439 finierit,
1346 2350 1670 2424 similiter
1720 2351 2279 2449 apudSanctum
2318 2355 2442 2425 Hi-

316 2463 579 2536 larium
612 2466 847 2537 fratris
883 2466 1109 2537 nostri
1156 2464 1301 2537 fine
1360 2465 1609 2538 audito
1665 2470 2140 2559 conveniant3
2198 2470 2438 2567 ibique

314 2580 1022 2654 commendationem
1080 2581 1333 2654 animae
1376 2583 1711 2655 facientes
1734 2642 1755 2670 ,
1825 2585 2112 2657 missam
2169 2610 2305 2684 pro
2349 2612 2438 2658 eo

316 2694 708 2769 celebrent.
742 2700 882 2769 Pro
911 2697 1407 2771 decantatione
1436 2722 1610 2770 vero
1638 2699 1982 2788 Psalterii,
2021 2725 2240 2798 quam
2274 2716 2437 2800 post

316 2812 705 2883 Matutinos
765 2826 1047 2885 nostros
1096 2838 1171 2884 se
1204 2837 1353 2884 non
1420 2839 1627 2912 posse
1677 2815 1908 2888 facere
1957 2817 2190 2888 testati
2238 2830 2431 2908 sunt,

314 2941 665 2997 statutum
707 2942 813 2999 est
862 2942 966 3017 ut,
1025 2940 1421 3025 postquam
1474 2927 1699 3002 frater
1742 2946 1990 3003 noster
2055 2931 2439 3004 defunctus

312 3040 637 3139 sepultus
673 3041 913 3133 fuerit,
964 3044 1037 3114 in
1074 3046 1465 3116 crastinum
1504 3043 1619 3115 vel
1671 3045 1858 3116 infra
1910 3044 2232 3118 triduum
2273 3062 2436 3145 post

314 3157 755 3254 sepulturam
790 3158 941 3256 ejus
978 3158 1405 3233 conveniant
1457 3162 1532 3231 in
1580 3160 1872 3233 ecclesia
1927 3163 2168 3235 Sancti
2205 3163 2428 3253 Pauli,

312 3275 947 3375 etrestauratione⁸
990 3273 1303 3347 Psalterii
1329 3276 2030 3351 commendationem
2069 3278 2321 3351 animae
2361 3294 2432 3350 et

314 3388 603 3459 missam
629 3414 767 3488 pro
796 3390 947 3488 ejus
972 3391 1207 3462 anima
1238 3393 1503 3491 pariter
1532 3392 1934 3467 decantent.
1975 3400 2120 3467 Nec
2144 3408 2434 3492 praeter-

308 3502 636 3575 eundum
699 3520 806 3576 est
848 3505 1051 3603 quod
1092 3506 1319 3578 Adam
1361 3508 1495 3606 piae
1546 3511 1909 3581 memoriae
1951 3509 2172 3581 abbas
2201 3510 2276 3579 in
2311 3507 2432 3579 de-

308 3620 670 3691 dicatione
697 3619 1005 3692 ecclesiae
1049 3621 1239 3693 beati
1268 3624 1455 3696 Petri
1506 3624 1749 3696 dotem
1783 3623 2103 3720 ejusdem
2133 3622 2428 3720 amplia-

306 3734 415 3805 vit
446 3756 582 3829 pro
612 3736 975 3807 Matutinis
1008 3734 1469 3809 decantandis
1491 3739 1565 3808 in
1595 3737 1832 3832 vigilia
1853 3736 2050 3809 beati
2069 3737 2422 3833 Dionysii,

392 3956 419 4010 1
438 3998 452 4011 .
481 3955 670 4030 Fidei,
701 3950 999 4027 mendose,
1029 3954 1272 4014 chartul.
1305 3968 1363 4014 et
1384 3956 1479 4014 ed.
1509 3954 1692 4015 Felib.

392 4051 455 4105 2.
486 4048 629 4105 Haec
657 4047 857 4125 verba,
886 4049 920 4106 ξι
948 4052 1478 4109 commendationem
1498 4050 1573 4110 ad
1594 4056 1798 4108 animae
1824 4070 1980 4125 mex,
2004 4050 2068 4111 in
2093 4048 2228 4112 edd.
2261 4050 2432 4111 omit-

306 4151 537 4203 tuntur.

392 4234 453 4294 3.
484 4233 829 4292 Recitatione
857 4234 1114 4295 correxit
1136 4235 1435 4300 chesnius.
1468 4234 1576 4297 Hic
1598 4249 1790 4297 autem
1815 4256 1933 4299 vox
1959 4242 2297 4297 restauratio
2317 4257 2428 4317 pro

308 4332 657 4384 instauratio
683 4326 913 4387 videtur
938 4338 1197 4407 accepta.
1226 4332 1299 4391 V.
1321 4328 1521 4409 eangii
1542 4327 1902 4391 Glossarium
1921 4374 1940 4403 ‚
1969 4342 2040 4413 ν’.
2065 4333 2426 4389 Restant-atio
