3275 5317
1215 548 1569 608 CHARTES.
2337 552 2446 609 351

328 680 733 755 tuordecim
792 680 1059 753 solidos
1110 680 1185 753 in
1231 670 1368 751 alia
1427 677 1880 751 ordinatione
1925 681 2448 757 constituimus

326 798 693 895 Quicquid
720 812 961 869 tamen
996 813 1066 870 et
1100 797 1175 867 in
1206 794 1343 867 hac
1374 810 1447 867 et
1488 795 1563 865 in
1601 792 1736 866 alia
1784 794 2235 867 ordinatione
2273 797 2459 869 ultra

327 912 649 1009 quinque
682 911 949 984 solidos
985 910 1332 999 consistit,
1376 924 1627 981 nostro
1678 908 1948 998 labore,
1984 910 2080 983 ob
2135 934 2456 983 amorem

324 1029 458 1099 Dei
518 1042 592 1099 et
669 1045 927 1101 sanctas
998 1024 1257 1122 regulae
1332 1024 1908 1098 observationem
1931 1079 1952 1117 ,
2022 1024 2458 1124 amplificato

325 1142 629 1215 fratrum
663 1167 993 1231 numeru,
1028 1165 1161 1240 per
1200 1140 1334 1213 Dei
1366 1141 1936 1214 misericordiam
1973 1156 2301 1215 constare
2345 1141 2458 1213 di·

329 1259 672 1329 noscitur.
752 1261 955 1329 Hanc
1011 1270 1254 1327 autem
1303 1256 1900 1350 augmentationis
1941 1272 2212 1331 cartam
2264 1282 2462 1330 com·

332 1376 535 1448 muni
608 1374 910 1444 fratrum
998 1385 1414 1444 nostrorum
1477 1395 1828 1445 consensu
1908 1374 2136 1446 minui
2191 1388 2316 1445 aut
2381 1372 2457 1445 in

329 1488 571 1587 aliquo
603 1486 1011 1561 defraudari
1042 1500 1389 1586 perpetuo
1418 1501 1842 1581 anatemate,
1871 1504 2217 1588 perpetua
2237 1486 2454 1560 male-

330 1603 649 1677 dictione
682 1600 1179 1701 prohibemuS.
1228 1606 1390 1673 Haec
1430 1600 1524 1674 de
1563 1602 1898 1698 generali.
1940 1606 2044 1677 De
2081 1602 2458 1703 pulmento

329 1735 574 1792 autem
594 1772 615 1810 ,
668 1718 837 1815 quia
877 1718 1121 1789 nescio
1161 1741 1304 1815 qua
1351 1718 1724 1790 occasione
1773 1717 2114 1791 fratribus
2143 1772 2162 1808 ,
2203 1717 2298 1791 ab
2347 1721 2461 1789 In-

328 1833 527 1907 dicto
560 1856 785 1931 usque
805 1831 898 1904 ad
927 1830 1218 1904 octabas
1248 1830 1438 1903 beati
1460 1832 1810 1928 Dionysii,
1837 1832 2456 1926 subtrahebatur¹,

325 1948 669 2021 volumus
703 1962 779 2019 et
798 1948 1300 2019 constituimus
1332 1945 1668 2045 deinceps
1695 1973 1827 2045 per
1859 1963 2098 2022 totum
2129 1949 2300 2021 anni
2333 1950 2466 2021 cir-

330 2064 607 2151 culum,
676 2088 807 2162 per
875 2086 1131 2134 manus
1198 2061 1688 2134 ministrorum
1749 2064 2274 2137 monachornm
2338 2080 2464 2137 aut

329 2180 711 2271 laicorum,
776 2179 1248 2250 continuatim
1317 2177 1670 2277 suppleri3
1720 2194 1793 2251 et
1853 2203 1946 2251 ne
1998 2180 2290 2251 materia
2351 2178 2462 2249 his

330 2293 645 2386 deficiat,
677 2318 970 2365 censum
1012 2317 1291 2364 novum
1324 2316 1682 2365 novorum
1723 2317 1907 2391 quos
1949 2292 2292 2392 hospitari
2324 2293 2462 2365 feci

330 2409 407 2481 in
435 2433 663 2482 vacua
682 2408 879 2481 horti
907 2423 1120 2497 terra,
1150 2408 1668 2506 quinquaginta
1692 2407 2026 2480 videlicet
2047 2408 2318 2481 solidos
2339 2422 2464 2481 aut

327 2524 641 2623 amplius
691 2524 863 2595 huic
922 2524 1387 2622 apposuimus
1441 2524 1914 2596 incremento,
1975 2528 2176 2597 Hanc
2246 2526 2462 2596 etiam

328 2640 689 2739 pulmenti
720 2638 1036 2735 regulam
1069 2637 1471 2710 firmissime
1493 2640 1747 2729 teneri,
1783 2652 1926 2710 tam
1962 2663 2098 2736 pro
2130 2640 2300 2737 ipsis
2333 2640 2463 2711 fra-

330 2754 569 2827 tribus
592 2779 807 2853 quam
844 2778 982 2851 pro
1000 2755 1433 2826 exteriorum
1473 2778 1862 2852 pauperum
1895 2754 2456 2852 supportatione,

329 2871 458 2968 qui
482 2870 598 2942 his
632 2885 707 2942 et
738 2869 891 2943 aliis
923 2870 1267 2966 indigent,
1304 2870 1455 2941 sine
1486 2867 2059 2967 interpellatione
2081 2867 2464 2941 sanciendo

334 2981 728 3057 firmamus.
786 2988 951 3057 Haec
1008 2985 1247 3081 itaque
1296 2985 1389 3056 de
1441 2984 1702 3083 prima.
1741 2987 1849 3057 De
1895 2985 2208 3058 secunda
2261 3009 2460 3079 vero,

335 3124 495 3198 quae
556 3124 757 3172 coena
816 3099 1104 3190 dicitur,
1158 3100 1483 3175 tertium.
1530 3100 1972 3173 confecimus
2029 3101 2457 3198 capitulum:

334 3239 521 3313 quae,
568 3230 650 3287 ut
696 3216 1233 3288 convenientius
1278 3229 1351 3287 et
1407 3214 1615 3287 solito
1650 3216 2018 3289 decentius
2063 3218 2466 3290 foecundior

338 3328 489 3421 fiat,
528 3329 963 3428 quibusdam
1008 3330 1185 3401 olim
1227 3353 1270 3402 a
1314 3329 1525 3402 nobis
1573 3346 1776 3403 aucta
1829 3347 1936 3404 est
1979 3332 2456 3419 incrementis),

333 3443 672 3517 videlicet
710 3445 949 3518 Sancti
988 3446 1278 3517 Luciani
1309 3444 1631 3537 decimiS,
1665 3472 1822 3544 quae
1862 3445 1957 3517 ad
1993 3472 2126 3519 nos
2158 3447 2462 3545 pertine-

331 3556 515 3631 bant
534 3613 552 3649 ,
607 3561 856 3655 viginti
912 3558 1311 3632 solidorum
1355 3558 1752 3657 largitione,
1788 3562 1913 3658 qui
1951 3560 2166 3633 nobis
2206 3560 2298 3632 de
2342 3585 2462 3632 su-

331 3674 881 3772 perabundante
914 3672 1005 3746 ab
1037 3674 1206 3772 ipsis
1240 3674 1633 3747 hortolanis
1661 3675 2140 3764 solvebantur,
2180 3699 2460 3747 annona

340 3789 561 3861 etiam
588 3815 747 3887 quae
779 3788 988 3861 nobis
1023 3788 1115 3861 de
1147 3788 1557 3862 Petraficta'
1582 3788 2451 3889 reddebatur.1npraesen-
2519 3884 2526 3891 .

334 3904 605 3977 tiarum
638 3930 837 3996 vero,
879 3904 977 3977 ob
1001 3928 1326 3978 amorem
1363 3919 1439 3977 et
1479 3904 1949 3977 reverentiam
1995 3922 2251 3980 sanctae
2298 3907 2462 3980 reli-

334 4020 569 4117 gionis
630 4036 705 4093 et
778 4022 1073 4095 fratrum
1140 4037 1557 4095 nostrorum
1610 4018 2068 4095 devotionem
2083 4077 2104 4116 ,
2169 4046 2462 4097 censum

420 4262 1130 4344 1.Subera1wbatlegitur
1154 4264 1217 4325 in
1240 4264 1377 4327 edd.
1422 4296 1502 4313 -
1544 4270 1603 4326 2.
1657 4268 1824 4327 Nunc
1842 4268 2166 4344 Pemefiue
2193 4222 2422 4346 (sesne).
