3275 5317
928 560 1043 617 354
1364 554 1690 615 OEUVRES
1730 554 2154 614 COMPLETES
2193 554 2293 613 DE
2333 556 2603 616 SUGER..

922 687 1136 759 tionis
1174 686 1727 779 anniversariu5‚
1758 686 1908 783 ipse
1947 710 2160 757 suum
2184 686 2322 759 sibi
2348 684 2640 782 singuiis
2668 684 2982 758 mensibus

920 802 1150 901 pridie
1180 827 1406 874 nonas
1437 802 1700 873 mensis
1759 800 1910 872 fieri
1965 801 2318 893 decrevit,
2369 801 2445 873 in
2501 801 2810 900 capitulo
2851 828 2982 900 pro-

915 918 1253 1009 nuntiari,
1323 918 1396 988 in
1452 917 1891 989 monasterio
1937 915 2319 1004 celebrari,
2369 917 2444 987 in
2501 916 2871 989 refectorio
2917 918 2983 989 de

918 1034 1225 1132 praefatae
1258 1030 1437 1104 villae
1466 1031 1862 1105 redditibus
1917 1030 2252 1104 fratribus
2298 1032 2672 1104 honestam
2705 1034 2982 1105 refectio-

918 1175 1082 1221 nem
1128 1149 1474 1248 adaptari.
1546 1152 1690 1220 Nec
1737 1147 1856 1220 illa
1909 1148 2297 1245 ignobilior
2358 1150 2537 1221 tanti
2582 1149 2985 1246 imperatoris

915 1264 1344 1363 praedicatur
1403 1264 1786 1363 praeceptio
1802 1319 1822 1357 ‚
1883 1262 2080 1361 quod
2145 1264 2237 1335 de
2297 1263 2668 1337 usufructo
2731 1266 2986 1365 piaefatae

914 1378 1097 1452 villae
1181 1396 1453 1479 septem
1520 1378 1901 1451 luminaria
1975 1394 2249 1478 septem
2306 1379 2798 1478 lampadarum
2857 1398 2988 1453 ante

916 1512 1447 1569 sacrosanctum
1520 1494 1743 1567 altare
1818 1508 2076 1568 sanctae
2131 1495 2487 1566 Trinitatis
2545 1494 2991 1567 indeficienter

912 1636 1046 1709 per
1080 1612 1474 1685 successiva
1515 1610 1752 1682 secula
1792 1609 2046 1682 ardere
2083 1610 2404 1683 sancivit.
2445 1613 2535 1681 Et
2563 1611 2898 1707 quoniam
2933 1612 2988 1679 in

912 1726 1527 1798 administratione
1581 1726 1807 1819 regni,
1886 1748 2338 1823 quacumque
2419 1740 2780 1798 terrarum
2856 1751 2988 1797 eum

910 1843 1194 1941 imperii
1248 1842 1625 1914 necessitas
1678 1840 2100 1934 devocaret,
2152 1866 2433 1941 semper
2509 1858 2751 1915 tamen
2811 1840 2988 1941 pleno

906 1960 1131 2031 animi
1147 1958 1404 2030 affectu
1432 1972 1503 2029 et
1524 1956 1990 2056 pernoctabat
2017 1972 2084 2028 et
2110 1956 2524 2054 designabat
2543 1957 2818 2030 ibidem
2835 1984 2990 2057 sepe·

907 2074 1051 2165 liri,
1092 2076 1332 2173 ipsum
1368 2072 1747 2172 sepulturae
1785 2098 1928 2144 suae
1953 2072 2194 2145 locum
2223 2074 2588 2145 tutissimis
2619 2089 2988 2146 sanctarum

906 2191 1377 2288 reliquiarum
1440 2188 1749 2261 munivit
1799 2187 2138 2286 praesidiis
2153 2240 2175 2277 ,
2249 2188 2339 2261 de
2409 2189 2616 2261 theca
2673 2189 2988 2287 imperiali

904 2306 1193 2404 capellae
1241 2305 1380 2378 sibi
1413 2305 1761 2396 retinenS‚
1797 2318 1870 2375 et
1923 2304 1998 2375 in
2045 2304 2384 2376 anteriori
2419 2320 2620 2403 parte
2669 2304 2987 2378 benedicti

904 2422 1145 2493 altaris
1214 2444 1568 2519 reponens
1634 2442 1717 2491 os
1779 2416 2059 2490 brachii
2124 2418 2348 2489 sancti
2404 2419 2654 2492 Jacobi
2725 2420 2990 2520 apostoli

905 2538 1143 2610 fratris
1215 2535 1536 2627 Domini,
1593 2535 1671 2605 in
1735 2532 1982 2605 dextra
2053 2532 2430 2605 brachium
2487 2536 2716 2607 sancti
2778 2552 2990 2635 proto·

901 2654 1236 2751 martyris
1292 2650 1661 2749 Stephani,
1735 2648 1807 2720 in
1877 2649 2158 2721 sinistra
2205 2674 2376 2722 vero
2431 2650 2626 2725 beati
2693 2656 2992 2751 martyris

902 2784 974 2840 et
1025 2769 1252 2840 levitae
1305 2766 1706 2855 Vincentii;
1771 2763 2385 2863 quemadmodum
2460 2768 2692 2840 oculis
2759 2770 2992 2841 nostris

900 2908 1033 2955 nos
1101 2883 1237 2981 ipsi
1294 2881 1628 2974 vidimuS‚
1699 2906 1867 2952 cum
1921 2881 2452 2955 venerabilibus
2513 2884 2684 2957 viris
2755 2884 2992 2957 archie-

898 2999 1204 3097 piscopis
1282 2997 1773 3094 Lugdunensi,
1839 2998 2193 3088 Remensi,
2259 3002 2678 3091 Turonensi,
2754 3002 2986 3074 Rotbo·

898 3116 1213 3209 magensi
1236 3170 1257 3208 ‚
1350 3130 1422 3187 et
1509 3112 1858 3213 episcopis
1943 3114 2472 3207 suessionensi,
2569 3116 2984 3207 Belvacensi,

900 3228 1326 3322 Redonensi‚
1381 3228 1914 3319 silvanectensi,
1967 3229 2304 3324 Aletensi,
2355 3229 2730 3324 Meldensi,
2779 3238 2986 3305 Vene-

896 3343 1105 3435 tensi,
1138 3359 1209 3415 et
1238 3343 1433 3415 anuli
1483 3343 1631 3441 ejus
1680 3344 2221 3440 impressionem
2253 3344 2328 3416 in
2367 3362 2792 3443 argumento
2825 3348 2986 3421 veri·

899 3460 1061 3532 tatis
1076 3460 1461 3552 tenuimus,
1484 3474 1569 3531 ut
1597 3483 1824 3557 prope
1847 3458 2068 3532 altare
2091 3462 2430 3561 sepultus,
2454 3462 2988 3563 circumquaque

897 3577 1319 3649 Sanctorum
1352 3575 1774 3674 pignoribus
1806 3575 2345 3675 circumseptus,
2380 3602 2674 3650 omnem
2707 3594 2781 3651 et
2807 3580 2986 3679 spiri·

894 3691 1157 3763 tualem
1178 3708 1249 3763 et
1266 3689 1734 3789 temporalem
1753 3690 2016 3763 evitare
2029 3694 2048 3730 ¹
2067 3692 2464 3766 molestiam
2491 3722 2512 3763 ε
2537 3718 2698 3792 quae
2715 3696 2988 3793 quidem

891 3808 1321 3879 Sanctorum
1354 3808 1652 3907 pignora
1699 3805 1776 3878 hi
1820 3804 2198 3879 nobiscum
2251 3810 2524 3908 populo
2571 3812 2706 3882 Dei
2749 3812 2838 3883 ad
2875 3832 2990 3911 pa-

890 3922 1397 3996 trocinandum
1445 3938 1953 4022 exposuerunt,
1991 3938 2063 3996 et
2111 3940 2441 4023 reparato
2485 3925 2698 3999 altari
2751 3926 2992 3999 eodem

886 4061 1062 4111 auro
1100 4040 1417 4137 pretioso
1447 4053 1521 4112 et
1550 4062 1769 4136 opere
1801 4037 2204 4137 approbato
2223 4034 2274 4132 ¹,
2313 4040 2584 4114 ibidem
2611 4040 2992 4115 honorifice

964 4280 1025 4336 1.
1071 4278 1183 4335 Pro
1212 4282 1467 4357 evitaret,
1511 4304 1592 4323 -
1633 4277 1696 4335 2.
1741 4250 2094 4350 Appropiato
2114 4277 2248 4337 edd.
