3275 5317
642 592 787 650 SUB
826 590 969 651 SON
1006 593 1643 653 ADMINJSTRATION
1673 594 2116 655 ABBATIALE.
2323 598 2438 657 155

676 988 953 1039 suumin
986 988 1266 1039 ABBA'ns
1298 988 1531 1040 smtm
1569 988 1871 1041 mensu
1913 989 2104 1040 LIBER

1138 1180 1267 1245 DE
1328 1178 1632 1247 REBUS

416 1376 521 1445 IN
618 1374 1565 1445 ADMINISTRATIONE
1653 1376 1837 1445 sUA
1926 1374 2351 1446 GESTIS¹.

424 1675 485 1744 Ι.
556 1672 758 1743 Anno
820 1666 1454 1742 administrationis
1506 1682 1765 1742 nostrae
1804 1668 2144 1742 vicesimo
2191 1670 2440 1765 tertio,

328 1813 499 1862 cum
518 1786 593 1858 in
611 1783 921 1883 capitulo
948 1782 1283 1880 generali,
1312 1782 1625 1882 quadam
1651 1782 1798 1876 die,
1820 1784 2255 1858 conferendo
2280 1810 2446 1860 cum

330 1900 669 1975 fratribus
712 1900 973 1974 nostris
1005 1914 1155 1973 tam
1187 1900 1278 1973 de
1317 1898 1733 1973 hominibus
1777 1924 1998 1998 quam
2030 1899 2123 1972 de
2152 1902 2448 1999 privatis

332 2017 637 2114 negotiis
662 2004 1235 2103 consederemus,
1270 2015 1491 2089 iidem
1517 2014 1910 2089 charissimi
1933 2016 2186 2088 fratres
2218 2031 2290 2088 et
2321 2016 2450 2089 filii

335 2132 601 2206 obnixe
628 2133 703 2204 in
739 2133 1079 2205 charitate
1110 2130 1507 2230 supplicare
1558 2145 1956 2230 coeperunt,
1997 2155 2090 2202 ne
2133 2131 2452 2206 fructum

336 2252 514 2323 tanti
568 2248 833 2323 laboris
901 2249 1129 2321 nostri
1203 2248 1554 2347 praeteriri
1607 2247 1890 2319 silentio
1955 2246 2377 2318 sustinerem
2425 2274 2448 2320 x

333 2368 507 2464 quin
536 2369 559 2405 ²
593 2367 836 2467 potius
880 2388 964 2439 ea
1000 2388 1158 2463 quae
1200 2363 1396 2461 larga
1435 2366 1567 2435 Dei
1596 2362 2114 2461 omnipotentis
2159 2362 2446 2435 munifi-

336 2483 567 2555 centia
629 2482 1034 2556 contulerat
1097 2481 1266 2552 huic
1322 2480 1633 2552 ecclesiae
1695 2477 2125 2577 praelationis
2194 2492 2454 2553 nostrae

339 2614 668 2695 tempore
700 2598 1145 2669 incrementa
1161 2647 1182 2686 ,
1238 2611 1388 2668 tam
1439 2596 1516 2667 in
1578 2618 1930 2667 novarum
1990 2594 2456 2692 acquisitione

341 2736 565 2810 quam
635 2712 712 2783 in
775 2710 1193 2783 amissarum
1259 2711 1800 2809 recuperatione
1816 2763 1837 2802 ,
1909 2707 2456 2782 emendatarum

342 2828 561 2900 etiam
648 2825 1177 2926 possessionum
1263 2826 1886 2926 multiplicatione,
1987 2823 2454 2899 aedificiorum

340 2944 881 3034 constitutione,
916 2944 1098 3034 auri,
1132 2944 1428 3040 argenti,
1464 2959 1537 3018 et
1561 2942 2232 3043 pretiosissimarum
2257 2967 2454 3038 gem-

339 3085 653 3153 marum,
685 3084 973 3133 necnon
1006 3075 1081 3132 et
1108 3061 1555 3158 optimorum
1583 3059 1964 3158 palliorum
1991 3058 2448 3158 repositione,

340 3177 621 3250 calamo
660 3190 735 3249 et
776 3190 1179 3249 atramento
1210 3176 1611 3276 posteritati
1652 3174 2020 3248 memoriae
2063 3197 2450 3248 reservare.

342 3297 447 3365 Ex
475 3292 619 3366 hoc
670 3316 819 3364 uno
868 3291 1080 3365 nobis
1131 3292 1278 3365 duo
1336 3292 1912 3391 repromittentes
1917 3346 1942 3381 ,
2013 3288 2139 3364 tali
2203 3290 2458 3363 notitia

348 3409 645 3481 fratrum
690 3407 1227 3481 succedentium
1258 3411 1587 3480 omnium
1609 3409 1856 3506 jugem
1883 3409 2287 3479 orationum
2319 3426 2454 3502 pro

350 3525 576 3597 salute
617 3525 871 3597 animae
898 3539 1157 3597 nostrae
1202 3525 1463 3597 mereri
1494 3524 1933 3616 instantiam,
1987 3536 2062 3593 et
2102 3521 2292 3591 circa
2337 3541 2456 3590 ec-

349 3640 576 3713 clesiae
604 3642 738 3713 Dei
779 3640 1054 3714 cultum
1085 3639 1230 3712 hoc
1274 3640 1600 3739 exemplo
1632 3663 1888 3712 eorum
1930 3636 2235 3709 excitare
2270 3632 2459 3707 bene

348 3754 697 3829 zelantem
727 3755 1302 3829 sollicitudinem.
1340 3758 1483 3828 Nos
1516 3756 1732 3850 igitur
1762 3768 1910 3825 tam
1945 3750 2205 3823 devote
2239 3774 2460 3848 quam

353 3871 631 3946 devotis
650 3886 721 3945 et
751 3871 1295 3946 rationabilibus
1316 3896 1571 3945 eorum
1600 3868 2066 3970 petitionibus
2096 3892 2458 3941 assensum

434 4146 463 4200 1
478 4181 495 4201 .
526 4144 655 4219 Quo
682 4139 849 4201 titulo
870 4141 1029 4222 apud
1048 4142 1328 4203 editorem
1352 4140 1664 4203 chesnium
1687 4136 2016 4198 inscribitur
2041 4136 2152 4196 hoc
2183 4156 2348 4216 opus.
2379 4165 2460 4184 —

360 4243 533 4299 Gesta
562 4241 824 4314 suggerit·
864 4235 1081 4293 abbatis
1113 4234 1339 4294 addidit
1363 4234 1427 4294 in
1460 4232 1658 4293 codice
1691 4235 1888 4292 13835
1917 4250 2120 4290 manus
2147 4226 2456 4289 recentior.

440 4334 500 4389 2.
538 4333 688 4405 Quin
712 4328 796 4387 id.
822 4330 956 4391 cod.
982 4349 1089 4390 ms.
1119 4362 1199 4380 -ο-
1221 4332 1375 4403 Quia
1400 4328 1539 4391 edit.
1566 4328 1805 4397 ehesn„
1827 4327 1928 4386 sed
1955 4324 2123 4387 male.
