3275 5317
1235 594 1591 654 CHARTES.
2355 598 2472 657 349

460 728 531 797 S.
586 724 962 799 Christiani
1004 726 1413 799 sacerdotis.
1452 730 1527 800 S.
1567 723 1908 799 Johaunis
1938 724 2350 799 sacerdotis.
2393 730 2470 801 5.

359 842 687 913 Gal-nerii
733 841 1145 914 sacerdotis.

459 959 533 1029 S.
573 956 917 1029 Iohannis
962 954 1274 1030 diaconi.
1320 958 1393 1028 S.
1428 954 1821 1030 Theobaldi
1863 954 2174 1031 diaconi.
2221 958 2292 1028 S.
2335 960 2477 1029 Hu-

355 1074 561 1171 gonis
602 1072 909 1145 diaconi.

457 1192 530 1261 S.
586 1186 945 1287 Rodulphi
970 1187 1416 1261 subdiaconi.
1451 1190 1524 1262 S.
1559 1188 1865 1260 Bernerii
1915 1186 2360 1261 subdiaconi.
2395 1192 2470 1261 S.

360 1304 545 1377 Petri
582 1303 1025 1376 subdiaconi.

457 1423 534 1491 S.
593 1418 883 1492 Ernaldi
935 1420 1163 1518 pueri.
1227 1421 1301 1495 S.
1358 1420 1690 1494 Widonis
1738 1420 1973 1520 pueri.
2035 1422 2107 1493 S.
2167 1420 2476 1521 Philippi

358 1534 623 1634 pueri¹.

1378 1923 1449 1971 x.

351 2184 543 2263 Suger
552 2187 743 2261 prend
763 2186 1091 2263 defferentes
1114 2187 1475 2261 dispositione
1483 2206 1629 2262 pour
1649 2188 1951 2243 ame'liorer
1971 2190 2030 2244 la
2053 2189 2332 2247 condition
2354 2207 2476 2245 ma·

434 2280 658 2335 te‘rielle
680 2280 781 2335 des
802 2281 1113 2356 rele'gieux‚
1136 2280 1237 2335 des
1260 2280 1517 2336 maiades
1551 2300 1619 2335 ou
1640 2282 1743 2337 des
1771 2300 2034 2355 pauvres,
2069 2294 2371 2359 augmente-
2391 2284 2475 2337 les

433 2392 665 2431 revellas
698 2376 803 2431 des
830 2376 1023 2450 offic-es
1056 2378 1130 2432 de
1168 2375 1447 2433 chevecier
1486 2388 1545 2433 et
1572 2372 1936 2451 d'infirmier,
1973 2390 2028 2435 et
2065 2380 2372 2434 renouvelle
2402 2396 2474 2434 en

434 2462 615 2525 me'me
629 2481 807 2544 temps
828 2466 1178 2547 l'obllgate’on
1204 2472 1277 2525 de
1297 2467 1545 2527 celebrer
1568 2473 2025 2527 solennellement
2050 2468 2474 2529 Pannioersat're

434 2562 508 2616 de
527 2560 570 2617 1·
569 2580 861 2637 emper-eur
880 2564 1120 2623 Chat-les
1156 2566 1207 2619 Ie
1240 2564 1484 2637 Chauoe,
1524 2562 1871 2639 bienfaiteur
1898 2566 1972 2621 de
1991 2562 2270 2630 l’abbare.

1211 2720 1379 2793 (Vers
1415 2718 1597 2798 uno)

452 2908 533 2977 ln
576 2907 871 2979 nomine
901 2909 1125 2980 Patris
1156 2923 1227 2980 et
1272 2908 1429 2980 Filii
1466 2922 1539 2979 et
1569 2906 1875 3005 Spiritus
1905 2908 2152 2979 sancti.
2211 2908 2462 2983 Amen.

354 3022 713 3115 Sugerim,
754 3023 944 3095 Beati
974 3024 1294 3120 Dionysii
1330 3022 1577 3113 abbaS,
1614 3022 1746 3094 Dei
1779 3022 2292 3120 omnipotentis
2332 3049 2474 3098 ser-

355 3135 530 3209 vitio
593 3139 1008 3237 mancipatis
1070 3136 1473 3238 providere,
1536 3136 1816 3209 labores
1868 3151 1939 3209 et
2001 3143 2472 3212 certaminum

352 3248 657 3323 sudores
702 3251 1273 3351 quibuscumque
1317 3276 1443 3323 seu
1482 3251 1954 3349 spiritualium
1999 3278 2128 3325 seu
2179 3269 2470 3353 tempo-

352 3364 614 3438 ralium
663 3367 997 3440 remediis
1034 3366 1391 3455 alleviare,
1422 3367 1872 3455 victualibuS,
1905 3392 1996 3441 ne
2036 3367 2372 3441 deficiant
2391 3370 2467 3442 in

357 3479 491 3571 via,
522 3497 939 3576 sustentare,
974 3508 1143 3555 cum
1172 3481 1509 3555 omnibus
1540 3482 1896 3572 fidelihus,
1930 3496 2088 3554 tum
2120 3484 2469 3581 praecipue

352 3594 658 3692 praelatis
678 3598 1023 3689 Ecclesiae,
1057 3623 1302 3671 coram
1333 3601 1488 3671 Deo
1518 3612 1587 3670 et
1616 3598 2000 3671 honestum
2028 3609 2098 3667 et
2141 3596 2314 3667 utile
2355 3620 2468 3669 ar-

351 3706 731 3784 bitramur.
768 3712 893 3785 His
933 3712 1287 3811 siquidem
1326 3714 1679 3809 signatum
1711 3725 1841 3800 est,
1872 3710 2186 3782 Domino
2223 3711 2468 3809 praeci-

351 3824 617 3922 piente,
655 3828 1025 3925 quomodo
1055 3828 1435 3902 consovere
1467 3842 1539 3899 et
1570 3840 1946 3920 contegere
1982 3850 2108 3898 eos
2141 3840 2470 3925 oporteat

354 3938 639 4014 bovinis
683 3958 757 4016 et
798 3945 1105 4018 vaccinis
1136 3946 1351 4018 coriis
1395 3947 1650 4015 Arcam
1701 3940 1988 4014 foederis
2018 3943 2339 4033 Domini,
2372 3941 2472 4015 ad

436 4082 501 4191 1.
527 4136 610 4190 Ex
640 4130 900 4197 Chartul.
929 4132 1061 4193 albo
1085 4136 1147 4193 S.
1176 4130 1436 4210 Dionysii
1470 4129 1734 4212 (Archiv.
1769 4132 1947 4209 Imp„
1972 4131 2065 4189 LL
2093 4129 2301 4210 1157),
2332 4142 2376 4191 t.
2415 4134 2465 4204 1,

354 4244 415 4303 p.
452 4228 553 4285 54.
588 4256 669 4271 -
694 4225 899 4299 Dubl„
927 4246 989 4307 p.
1020 4228 1159 4288 862.
1212 4258 1293 4275 —
1336 4226 1577 4299 Ghesn.,
1610 4226 1711 4299 IV,
1750 4227 1888 4283 552.
1935 4254 2014 4272 —
2051 4220 2260 4297 Felib„
2318 4224 2470 4286 inter

352 4316 746 4395 probationes,
772 4339 833 4400 p.
867 4340 946 4380 οι.
