3275 5317
1110 590 1237 648 vm
1273 590 1377 649 DE
1413 588 1684 651 suom.
2333 590 2450 650 38⁷

324 742 557 821 quam
598 720 1001 794 misericors
1020 718 1260 809 fuerit,
1293 736 1441 795 tam
1471 736 1750 795 remota
1786 744 2006 817 quam
2049 722 2454 821 propinqua

332 850 691 909 testantur
716 837 1177 910 monasteria.
1216 841 1451 925 Quam
1483 836 1700 909 fuerit
1725 834 2040 909 liberalis
2062 836 2140 909 in
2169 860 2451 929 omneS,

328 952 417 1023 in
472 968 775 1043 exteros,
832 952 909 1024 in
970 952 1159 1025 cives
1208 975 1403 1043 suos,
1420 950 1874 1027 ‚sufficienter
1903 975 2122 1024 nemo
2169 951 2450 1025 referet.

332 1072 597 1142 Nonne
626 1067 975 1141 indicium
1004 1068 1297 1142 evidens
1341 1084 1448 1141 est
1494 1067 1944 1141 liberalitatis
1970 1070 2122 1166 ejus
2153 1070 2456 1162 eximiae,

332 1185 421 1256 in
446 1183 741 1255 ecclesia
766 1184 1139 1256 Parisiensi
1160 1182 1338 1255 illud
1359 1208 1443 1255 ex
1464 1185 1652 1257 vitro
1673 1208 1854 1282 opus
1878 1184 2196 1278 insigne?
2227 1190 2464 1257 Unum

332 1299 644 1397 quidem
684 1314 816 1390 est,
870 1298 997 1372 sed
1040 1324 1191 1372 non
1240 1300 1502 1373 solum.
1556 1304 1737 1371 Nam
1781 1300 2088 1397 plurima
2127 1298 2461 1398 hujusce-

331 1415 552 1487 modi
582 1429 825 1488 extant
854 1414 1042 1486 illius
1084 1438 1329 1514 opera,
1380 1438 1539 1511 quae
1584 1414 1913 1513 pluribus
1960 1415 2035 1486 in
2087 1415 2265 1488 locis
2317 1441 2463 1488 non

334 1546 499 1604 tam
571 1555 657 1602 ex
721 1528 969 1603 debito
1036 1530 1205 1603 fecit
1268 1554 1491 1627 quam
1560 1531 1807 1626 gratia.
1891 1531 2068 1619 Quis
2143 1558 2466 1631 unquam

331 1646 443 1719 ad
462 1670 633 1717 eum
660 1644 851 1742 justa
876 1644 1363 1743 postulaturus
1384 1646 1703 1739 accessit,
1726 1646 1852 1742 qui
1880 1669 2028 1717 non
2056 1647 2149 1719 ab
2173 1671 2261 1719 eo
2281 1646 2466 1720 hila-

330 1763 503 1836 rior
531 1760 1000 1833 abscesserit?
1034 1766 1169 1832 Aut
1200 1760 1395 1834 enim
1416 1784 1555 1858 ope
1579 1775 1750 1833 vota
1783 1760 2300 1859 postulantium
2327 1763 2465 1835 im-

332 1876 575 1977 plevit
593 1929 615 1967 ,
660 1890 785 1949 aut
830 1900 955 1973 spe
995 1874 1253 1948 melior
1274 1876 1295 1912 ¹
1340 1877 1852 1949 convenienter
1893 1876 2259 1968 demulsit,
2304 1876 2471 1975 pul·-

332 1992 795 2067 cherrimum
819 1988 1149 2088 judicans
1172 1992 1415 2062 omnia
1442 2005 1799 2087 praestare,
1840 1990 2019 2063 nihil
2056 1994 2356 2087 exigere.

445 2108 596 2195 Qui
635 2130 804 2179 cum
853 2106 1065 2177 unius
1127 2120 1405 2179 tantum
1452 2104 1864 2179 monasterii
1905 2122 2150 2204 pastor
2196 2107 2474 2183 dicere-

334 2240 497 2318 tur,
542 2239 613 2297 et
657 2237 843 2297 esset
874 2223 1204 2295 omnium
1231 2222 1501 2321 pariter
1535 2222 1998 2295 ecclesiarum
2028 2247 2474 2321 quaquaver-

335 2364 517 2413 sum
540 2339 617 2410 in
644 2362 865 2434 regno
888 2337 1454 2429 consistentium,
1476 2338 1898 2410 continuam
1920 2336 2207 2435 gerebat
2224 2336 2478 2410 sollici-

339 2454 687 2529 tudinem
714 2467 787 2525 et
806 2476 1057 2526 curam
1078 2477 1228 2525 non
1248 2450 1652 2543 modicam;
1695 2452 1824 2525 has
1865 2476 2116 2548 regens
2149 2452 2473 2542 consilio,

337 2570 529 2643 alias
560 2569 789 2641 victus
818 2568 1214 2658 benefici03
1260 2568 1403 2639 hoc
1432 2583 1597 2639 ante
1631 2567 1876 2640 omnia
1915 2591 2194 2657 curans,
2227 2591 2320 2639 ne
2349 2566 2478 2639 ali-

340 2685 528 2759 cubi
548 2683 918 2756 videretur
954 2683 1338 2780 intepuisse
1377 2680 1654 2778 religio·
1694 2686 1781 2754 Et
1803 2680 2287 2777 indigentibus
2318 2682 2478 2780 qui-

340 2801 533 2873 dem
566 2820 888 2868 annonas
915 2794 1529 2881 subministrabat,
1564 2794 1724 2867 aliis
1754 2794 2215 2870 construebat
2248 2796 2480 2869 offici-

340 2936 488 2987 nas
514 2964 537 3003 ,
588 2926 880 3009 eratque
938 2911 1421 3010 spectaculum
1482 2911 1559 2982 in
1625 2927 2014 3009 conspectu
2057 2911 2479 3009 angelorum

342 3027 891 3124 hominumque
916 3026 1483 3126 pulcherrimum
1506 3054 1527 3117 ;
1568 3050 1738 3099 cum
1767 3028 1895 3099 uni
1921 3052 2175 3101 omnes
2199 3028 2480 3101 homini

344 3157 709 3241 tanquam
740 3140 1157 3213 firmissimae
1184 3142 1660 3214 inniterentur
1683 3142 2058 3234 columnae,
2087 3166 2481 3241 omnesque

351 3288 444 3336 ex
494 3259 625 3333 illo
656 3274 1002 3357 tanquam
1032 3258 1125 3331 de
1159 3258 1358 3331 fonte
1396 3258 1763 3331 haurirent
1788 3257 2206 3354 largissimo,
2245 3263 2482 3347 Quem

355 3402 621 3453 omnes
658 3392 803 3449 tam
833 3401 965 3475 pro
1000 3399 1075 3447 se
1106 3398 1323 3472 quam
1354 3398 1567 3473 supra
1611 3398 1688 3447 se
1726 3398 1879 3446 esse
1910 3374 2255 3463 sciebant,
2291 3372 2481 3467 ejus-

355 3519 509 3593 que
542 3517 794 3565 curam
824 3516 959 3589 pro
988 3490 1212 3563 salute
1250 3488 1698 3585 singulorum
1726 3503 1942 3586 atque
1985 3489 2486 3561 universorum

358 3606 721 3683 excubare
751 3606 1097 3704 quotidie.

462 3729 796 3813 Quantus
846 3723 922 3793 in
963 3720 1115 3811 illo,
1163 3726 1327 3793 Jesu
1380 3718 1603 3808 bone,
1663 3718 1870 3811 vigor
1911 3728 2086 3807 erat,
2135 3733 2488 3815 quantum

361 3842 593 3914 animi
622 3842 638 3912 1
673 3844 779 3911 Eo
809 3862 977 3911 sane
998 3835 1459 3935 procedente,
1485 3830 1958 3927 diffugiebant
1983 3832 2290 3931 tyranni,
2325 3833 2492 3906 abs-

364 3954 875 4032 condebantur
925 3952 1390 4028 tenebrarum
1440 3948 1570 4023 filii
1586 4004 1605 4040 ,
1664 3962 1737 4021 et
1789 3946 1882 4020 ad
1944 3974 2112 4021 eum
2167 3949 2492 4023 certatim

454 4232 517 4288 ι.
548 4224 647 4289 sic
679 4199 812 4284 cod.
854 4242 991 4293 ms„
1028 4232 1205 4301 atque
1230 4216 1367 4279 edd.
1396 4216 1607 4297 reus„
1632 4214 1867 4279 baronis
1887 4215 1963 4275 de
1987 4212 2202 4275 Αιωιῑο
2229 4226 2288 4275 et
2305 4216 2494 4274 sene-

374 4320 517 4380 dict.
541 4322 900 4391 —Melae’ore‘,
932 4316 1151 4389 forsan,
1179 4314 1459 4374 adnotant
1482 4310 1700 4374 Bened.
