3275 5317
518 549 619 605 DE
660 548 752 605 LA
799 535 1353 607 coNSssCRA'noN
1394 549 1495 605 DE
1536 548 2030 608 SAINT-DENIS.
2221 553 2336 609 227

218 680 617 781 composita
654 696 727 754 et
780 680 874 753 ad
929 680 1171 754 valens
1201 694 1453 778 quater
1491 679 1742 777 viginti
1785 697 1909 755 aut
1941 696 2233 755 centum
2268 680 2350 752 li-

216 796 520 869 brarum
556 796 845 893 singulis
892 798 1095 870 annis
1147 795 1503 895 adaptata.
1562 800 1741 884 Quae
1786 798 1844 869 si
1885 822 2346 895 quocumque

218 912 623 985 infortunio
666 912 779 985 his
811 911 1178 1011 explendis
1213 910 1575 1003 deficeret,
1614 911 1754 983 alia
1821 912 2012 985 Belsa
2067 929 2342 1005 nostra,

220 1032 443 1122 quam
478 1027 861 1126 dupliciter
892 1042 1016 1099 aut
1047 1026 1415 1125 tripliciter
1457 1027 1531 1097 in
1566 1026 1968 1099 redditibus
2011 1052 2351 1123 augmen-

220 1142 557 1232 tavimus,
596 1142 980 1241 suppleret.
1020 1146 1159 1214 Has
1187 1156 1426 1214 autem
1440 1140 1786 1215 ducentas
1820 1142 2066 1233 libraS‚
2103 1156 2356 1241 praeter

223 1282 308 1330 ea
343 1282 503 1355 quae
533 1254 622 1331 ad
657 1282 901 1331 arcam
914 1257 1301 1355 gazofilacii
1339 1255 1724 1329 devotione
1754 1257 2076 1332 fidelium
2094 1257 2357 1356 depor-

224 1372 596 1467 tabuntur,
646 1373 761 1445 vel
808 1398 1277 1473 quaecumque
1308 1373 1445 1471 ipsi
1475 1374 1762 1471 utrique
1804 1374 2004 1472 operi
2035 1372 2352 1445 offeren-

229 1482 383 1579 tur,
447 1504 725 1563 tantum
772 1490 1176 1562 continuari
1233 1488 1405 1587 ipsis
1462 1488 1804 1586 operibus
1859 1488 2307 1563 firmavimus
2331 1544 2351 1583 ,

226 1604 461 1677 donec
516 1605 831 1678 totaliter
862 1605 1131 1702 absque
1166 1603 1289 1676 illa
1324 1603 1714 1700 quaestione
1754 1619 1827 1676 et
1869 1606 2020 1703 ipsa
2051 1604 2351 1677 aedificia

228 1736 303 1791 et
335 1722 686 1793 anteriora
727 1736 801 1793 et
839 1722 1205 1819 superiora
1263 1742 1432 1791 cum
1482 1720 1628 1791 suis
1679 1719 1996 1793 turribus
2046 1720 2349 1793 omnino

228 1835 627 1909 honorifice
656 1836 1182 1936 compleantur.
1312 1918 1321 1929 ¹

329 1956 417 2025 V.
436 1952 1070 2048 Insistentesigitur
1082 1976 1211 2049 per
1233 1952 1622 2025 triennium
1640 1949 1878 2024 multo
1898 1967 2220 2050 sumptu,
2234 1978 2356 2049 po-

228 2068 489 2166 puloso
531 2068 1033 2165 operariorum
1072 2083 1459 2158 conventu,
1497 2081 1737 2140 aestate
1775 2083 1846 2139 et
1879 2066 2146 2159 hieme,
2184 2092 2358 2165 ope·

228 2184 331 2255 ris
366 2181 814 2282 perfectioni,
850 2208 943 2256 ne
996 2181 1209 2254 nobis
1254 2181 1605 2278 conqueri
1649 2185 1804 2254 Deo
1855 2184 2361 2281 Imperfectum

230 2325 467 2371 meum
514 2299 837 2373 viderunt
877 2298 1073 2372 oculi
1114 2299 1221 2369 tui
1226 2300 1243 2335 ¹
1282 2296 1443 2393 jure
1492 2312 1868 2394 oporteret
1892 2350 1913 2389 ‚
1963 2294 2363 2369 admodum

230 2416 392 2513 ipso
430 2430 861 2515 cooperante
902 2410 1491 2513 proficiebamus3
1534 2412 1901 2511 instarque
1949 2412 2365 2484 divinorum

230 2530 670 2605 fundabatur
730 2529 1153 2604 exultationi
1206 2528 1555 2599 universae
1615 2542 1819 2599 terrae
1871 2551 2084 2599 mons
2139 2532 2360 2626 Syon,

229 2645 459 2719 latera
502 2645 883 2743 aquiloniS,
920 2644 1169 2716 civitas
1219 2643 1424 2738 Regis
1454 2643 1722 2737 magni,
1757 2642 1961 2740 cujus
1993 2642 2068 2713 in
2122 2642 2366 2715 medio

227 2766 434 2835 Deus
458 2785 609 2833 non
640 2758 1247 2851 commovebitur,
1284 2758 1411 2830 sed
1438 2774 1900 2857 peccatorum
1933 2758 2365 2831 incitamen-

230 2877 329 2948 tis
376 2891 811 2965 commotus,
842 2871 1209 2946 odorifero
1228 2874 1731 2971 poenitentium
1761 2872 2186 2946 holocausto
2219 2874 2367 2971 pla·

233 2992 385 3065 cari
428 3006 519 3071 et,
541 2990 913 3089 propitiari
960 3013 1110 3060 non
1152 2986 1681 3084 dedignabitur.
1732 2988 2053 3063 Medium
2097 2990 2366 3089 quippe

233 3104 625 3181 duodecim
655 3104 1154 3205 Apostolorum
1187 3120 1627 3204 exponentes
1660 3130 2072 3198 numerum,
2105 3131 2361 3179 secun-

236 3222 444 3296 dario
500 3246 675 3295 vero
718 3220 1020 3294 totidem
1090 3220 1368 3293 alarum
1426 3221 1778 3294 columnae
1839 3221 2361 3322 Prophetarum

237 3362 624 3411 numerum
644 3336 1146 3433 significantes,
1168 3334 1395 3409 altum
1414 3352 1706 3437 repente
1723 3335 2185 3435 subrigebant
2198 3337 2367 3409 aedi-

238 3452 515 3546 ficium,
558 3454 763 3552 juxta
814 3452 1268 3552 Apostolum,
1318 3452 1775 3551 spiritualiter
1828 3452 2298 3525 aedificantem
2339 3475 2358 3521 ε

238 3574 405 3641 Jam
450 3595 593 3641 non
635 3570 805 3641 estis·
823 3623 844 3660 ,
886 3568 1150 3665 inquit,
1205 3566 1513 3665 hospites
1552 3585 1624 3641 et
1663 3566 1949 3639 advenae
1962 3595 1994 3655 ;
2027 3563 2159 3636 sed
2195 3564 2365 3634 estis·

236 3687 423 3757 cives
454 3702 859 3757 sanctorum
887 3698 957 3754 et
978 3682 1344 3755 domestici
1372 3684 1531 3770 Dei,
1564 3680 2122 3780 superaeacficati
2147 3701 2363 3773 super

234 3797 789 3899 fundamentum
860 3797 1362 3897 Apostolorum
1421 3813 1495 3869 et
1570 3794 2096 3893 Prophetarum
2111 3845 2132 3887 ,
2211 3795 2364 3890 ipso

236 3940 521 3988 summo
560 3915 905 4016 angulari
944 3914 1179 4013 lapide
1238 3912 1520 3986 Christo
1559 3917 1729 3985 Jesu
1755 3966 1776 4003 ,
1827 3912 1954 4009 qui
1989 3925 2364 4010 utrumque

238 4031 611 4131 conjungit
642 4034 1029 4130 parietem,
1070 4032 1147 4103 in
1183 4055 1322 4129 qao
1351 4030 1583 4101 omnis
1610 4024 2016 4125 aedifi'catiO,
2045 4028 2188 4099 sive
2214 4028 2364 4124 spi·

244 4232 258 4254 ⁰
328 4258 389 4316 1.
418 4254 635 4315 Psalm.
663 4274 948 4325 cxxwi,
982 4272 1043 4316 v.
1068 4256 1169 4313 16.
