3275 5317
892 583 1012 641 208
1330 580 1668 639 oEUVREs
1711 568 2142 638 COMPLETES
2182 580 2283 637 DE
2322 582 2592 641 suom.

892 745 1041 823 nat,
1080 744 1162 803 ut
1190 729 1410 804 altera
1438 730 1511 802 in
1544 729 1841 802 alteram
1871 732 2389 828 proprietatem
2422 754 2770 831 usurpare
2799 730 2990 802 inniti

892 846 1305 919 aestimetur.

990 966 1127 1032 Vas
1144 984 1430 1058 quoque
1460 958 1682 1049 aliud,
1707 959 1878 1034 huic
1913 961 2044 1061 ipsi
2074 960 2399 1053 materia,
2419 986 2564 1034 non
2595 960 2824 1033 forma
2845 986 2990 1060 per·

894 1075 1149 1167 simile,
1180 1075 1273 1149 ad
1305 1077 1527 1151 instar
1552 1078 1916 1176 amphorae
1945 1076 2059 1176 adj
2069 1078 2430 1171 unximus,
2462 1077 2666 1175 cujus
2683 1076 2988 1150 versiculi

895 1208 1063 1265 sunt
1086 1191 1199 1265 isti
1240 1218 1257 1262 ε

1050 1390 1205 1447 num
1230 1386 1415 1448 libare
1439 1392 1568 1448 neo
1590 1387 1832 1467 gemmis
1860 1344 2137 1451 debenus
2165 1403 2223 1451 et
2243 1410 2413 1464 auro,

1132 1486 1259 1541 Hoc
1284 1500 1393 1560 ego
1414 1482 1690 1560 sugerius
1709 1481 1892 1543 offero
1911 1502 2013 1543 vas
2039 1482 2291 1545 Domino
2309 1484 2357 1545 ¹.

996 1660 1346 1752 Lagenam
1392 1679 1684 1754 quoque
1743 1656 2154 1756 praeclaram
2175 1710 2196 1747 ,
2255 1680 2474 1755 quam
2519 1656 2730 1731 nobis
2768 1679 2984 1729 eomes

896 1771 1245 1847 Blesensis
1274 1770 1728 1846 Theobaldus
1753 1772 1830 1845 in
1863 1772 2121 1847 eodem
2141 1797 2302 1845 vase
2329 1770 2731 1862 destinavit,
2767 1772 2840 1844 in
2859 1797 2980 1871 quo

898 1889 964 1959 ei
1020 1913 1137 1959 rex
1191 1888 1445 1961 Siciliae
1493 1886 1676 1959 illud
1697 1940 1701 1945 ,
1723 1889 2237 1981 transmiserat,
2298 1902 2372 1961 et
2417 1887 2574 1961 aliis
2621 1890 2698 1961 in
2752 1885 2978 1960 eodem

897 2001 1136 2076 officio
1162 2019 1519 2100 gratanter
1548 2004 2033 2104 apposuimus.

992 2119 1292 2193 Vascula
1322 2120 1537 2193 etiam
1567 2117 1974 2212 cristallina,
2002 2144 2162 2218 quae
2181 2120 2256 2193 in
2279 2119 2546 2219 capella
2569 2132 2818 2191 nostra
2831 2142 2978 2216 quo-

897 2234 1169 2308 tidiano
1209 2235 1495 2308 servitio
1520 2235 1758 2308 altaris
1793 2235 2423 2332 assignaveramus,
2471 2233 2748 2307 ibidem
2795 2258 2975 2332 repo·

898 2349 1196 2423 suimus.

994 2468 1141 2539 Nee
1172 2466 1412 2539 minus
1440 2464 2010 2567 porphyriticum
2032 2493 2158 2542 vas
2187 2469 2568 2569 sculptoris
2595 2481 2669 2541 et
2693 2460 2980 2567 politoris

897 2605 1119 2655 manu
1138 2581 1585 2656 ammirabile
1628 2584 1918 2676 factum,
1968 2608 2136 2657 cum
2179 2609 2311 2685 per
2358 2584 2626 2657 multos
2675 2606 2893 2656 annos
2920 2580 2978 2650 in

896 2698 1160 2771 scrinio
1188 2714 1528 2791 vacasset,
1565 2698 1656 2772 de
1682 2699 2032 2800 amphora
2060 2700 2136 2772 in
2157 2700 2412 2798 aquilae
2439 2700 2754 2773 sormam
2785 2712 2984 2770 trans-

898 2813 1226 2907 ferendo,
1248 2817 1401 2889 auri
1448 2816 1864 2913 argentique
1899 2816 2228 2909 materia,
2249 2816 2486 2889 altaris
2517 2815 2814 2888 servicio
2847 2812 2986 2885 ada·

901 2931 1281 3029 ptavimus,
1341 2947 1415 3007 et
1457 2956 1701 3005 versus
1764 2930 2178 3030 hujusmodi
2225 2931 2460 3005 eidem
2527 2932 2677 3005 vasi
2723 2928 2986 3002 inscribi

903 3061 1193 3137 fecimus
1235 3092 1252 3136 :

1056 3214 1282 3321 Includi
1304 3260 1544 3340 gemmis
1568 3262 1720 3343 lapis
1747 3262 1854 3324 iste
1875 3276 2132 3324 meretur
2157 3277 2216 3325 et
2238 3284 2406 3325 auro.

1134 3360 1392 3416 Marmor
1416 3370 1561 3431 erat,
1586 3359 1692 3419 sed
1711 3358 1774 3419 in
1795 3358 1886 3419 his
1913 3379 2202 3421 marmore
2223 3358 2416 3420 carior
2447 3370 2554 3420 est.

998 3534 1138 3603 Pro
1192 3526 1454 3627 quibus
1500 3530 1839 3603 omnibus
1893 3535 2048 3605 Deo
2095 3530 2576 3631 omnipotenti
2612 3543 2688 3603 et
2755 3525 2990 3601 sanctis

900 3642 1329 3743 Martyribus
1362 3659 1591 3741 grates
1614 3645 2017 3740 referimus,
2059 3644 2256 3746 quod
2289 3646 2731 3720 sanctissimo
2773 3642 2988 3733 altari,

902 3760 1017 3831 cui
1043 3758 1175 3831 sub
1210 3759 1683 3859 praeceptione
1711 3776 1966 3833 sanctae
1989 3761 2249 3858 reguiae
2278 3785 2413 3833 nos
2438 3785 2478 3832 a
2495 3782 2720 3857 puero
2757 3754 2984 3829 offerri

898 3871 1149 3966 voluit,
1189 3874 1382 3947 unde
1415 3876 1480 3946 ei
1524 3874 1922 3949 honorifice
1953 3878 2403 3969 serviremus„
2441 3873 2726 3973 copiose
2777 3868 2994 3969 largiri

904 4010 1056 4060 non
1091 3989 1354 4063 renuit.

985 4226 1044 4283 t.
1078 4220 1359 4283 Absentes
1393 4221 1501 4282 hos
1533 4240 1734 4283 versus
1761 4220 1821 4283 in
1855 4229 2037 4283 vacua
2069 4222 2404 4284 membrana
2439 4218 2655 4282 codicis
2677 4238 2788 4281 ms.
2815 4220 2992 4281 13835

902 4314 1150 4378 restituit
1172 4336 1375 4378 manus
1396 4315 1701 4391 recentior,
1730 4316 1922 4379 seculo
1961 4318 2082 4378 fere
2101 4317 2326 4379 decimo
2353 4328 2540 4378 sexto.
