3275 5317
967 571 1087 629 VIE
1129 573 1227 627 DE
1265 572 1490 631 Loms
1530 574 1621 630 LE
1673 572 1894 635 GROS.
2421 577 2496 637 93

385 704 657 792 votive,
694 701 1105 801 reprimitur
1136 718 1613 800 tyrannorum
1648 704 1972 790 audacia,
2009 708 2343 803 quotiens
2375 734 2498 783 eos

388 818 657 916 guerris
694 816 1003 891 lacessiri
1050 817 1297 891 vident
1340 818 1641 913 infinite,
1680 820 2122 916 gratulantur
2149 838 2168 873 ¹
2215 848 2493 923 rapere,

384 957 733 1033 pauperes
762 932 1226 1024 confundere,
1264 932 1593 1007 ecclesias
1626 935 2016 1026 destruere,
2065 936 2496 1037 interpolata

381 1049 665 1121 licentia
701 1072 869 1146 qua,
908 1049 968 1120 si
1004 1048 1314 1141 liceret',
1370 1074 1660 1148 semper
1691 1051 2008 1125 insanius
2051 1052 2500 1127 inflamman-

386 1178 539 1254 tur;
574 1164 1056 1260 malignorum
1106 1165 1329 1237 instar
1381 1166 1798 1262 spirituum,
1841 1168 1968 1264 qui
2005 1192 2188 1265 quos
2236 1170 2496 1243 timent

382 1278 684 1377 perdere
722 1280 946 1375 magis
990 1279 1377 1371 trucidant,
1431 1304 1613 1378 quos
1654 1297 1940 1379 sperant
1983 1282 2290 1357 retinere
2333 1310 2497 1358 om-

382 1394 557 1467 nino
599 1394 871 1484 fovent,
930 1395 1245 1467 fomenta
1290 1395 1597 1467 flammis
1639 1411 2039 1495 apponunt,
2102 1414 2184 1471 ut
2219 1399 2498 1473 infinite

383 1509 746 1583 crudelius
770 1510 1142 1585 devorent.

474 1625 784 1699 Thomas
826 1626 1178 1724 siquidem
1232 1626 1325 1699 de
1356 1629 1627 1717 Marna,
1679 1625 1906 1698 homo
1947 1625 2493 1724 perditissimus,

384 1744 747 1816 Ludovico
768 1767 933 1838 rege
964 1741 1387 1841 supradictis
1413 1757 1485 1814 et
1510 1741 1754 1813 multis
1781 1741 1937 1813 aliis
1967 1744 2234 1837 guerris
2263 1760 2494 1818 atten-

381 1852 663 1951 dente⁸‚
706 1884 969 1958 pagum
1012 1859 1548 1947 Laudunensen,
1573 1862 2018 1949 Remensem,
2061 1859 2496 1935 Ambianen-

382 2000 563 2067 sem,
598 1975 889 2048 diabolo
930 1976 995 2046 ei
1032 1990 1519 2073 prosperante,
1551 1974 1720 2071 quia
1756 1974 2146 2046 stultorum
2197 2000 2496 2076 prospe-

385 2091 557 2163 ritas
584 2115 705 2163 eos
732 2090 1029 2190 perdere
1055 2091 1449 2180 consuevit,
1488 2114 1716 2186 usque
1740 2088 1926 2162 adeo
1960 2088 2495 2187 dilapidaverat,

388 2207 623 2279 furore
653 2207 902 2306 lupino
932 2206 1435 2295 devoraverat,
1474 2220 1556 2276 ut
1586 2216 1722 2276 nec
1755 2204 1977 2295 clerc,
2010 2206 2499 2280 ecclesiastica·

384 2322 671 2395 ultionis
700 2324 987 2413 timore,
1023 2346 1157 2393 nec
1202 2318 1471 2419 populo
1501 2318 1736 2415 aliqua
1768 2319 2213 2392 humanitate
2244 2345 2502 2420 peper-

382 2438 596 2529 cerit3
640 2441 882 2512 oimiia
932 2434 1324 2526 trucidanS,
1359 2433 1602 2504 omnia
1649 2428 1987 2532 perdens,
2019 2435 2232 2506 etiam
2275 2438 2498 2511 sancti

378 2556 415 2623 J
420 2555 675 2624 oannis
751 2551 1242 2625 Laudunensis
1317 2547 1754 2620 monasterio
1849 2550 2497 2625 sanctimonialium

384 2666 565 2738 duas
616 2665 819 2737 villas
870 2664 1315 2765 peroptimas
1362 2663 1744 2763 eripuerit3
1778 2662 2164 2737 fortissima
2213 2664 2496 2739 castella

392 2779 809 2852 Creciacum
843 2795 915 2853 et
946 2780 1471 2875 Novigentum⁸,
1506 2778 1694 2851 vallo
1725 2778 2063 2872 mirabili,
2101 2781 2259 2855 altis
2283 2784 2496 2857 etiam

386 2894 731 2987 turribuS‚
760 2911 1103 2992 tanquam
1129 2893 1453 2993 propria⁸
1480 2894 1857 2985 munierit3
1902 2908 1972 2967 et
2000 2896 2181 2970 sicut
2250 2897 2498 2971 draco-

382 3032 563 3079 num
594 3006 832 3079 cubile
863 3020 937 3079 et
979 3006 1396 3103 speluncam
1440 3004 1805 3078 latronum
1849 3004 2216 3106 adaptanS,
2267 3026 2494 3084 totam

384 3122 531 3195 sere
562 3138 823 3196 terram
861 3137 1007 3194 tam
1042 3122 1308 3219 rapinis
1351 3146 1573 3218 quam
1607 3121 1954 3194 incendiis
1988 3124 2494 3199 immisericor-

383 3237 573 3310 diter
623 3238 1058 3337 exposuerit.
1104 3236 1321 3333 Cujus
1350 3236 1786 3310 intolerabili
1824 3237 2108 3334 fatigata
2134 3240 2491 3333 molestia,

380 3378 548 3427 cum
585 3354 865 3428 sederet
918 3352 1192 3426 Belvaci
1245 3352 1556 3449 generali
1596 3369 1955 3428 conventu
2000 3354 2338 3450 gallicana
2377 3380 2492 3427 ec·
2620 3447 2637 3458 ι

460 3528 523 3587 1.
555 3529 931 3586 Gratulantur
966 3526 1105 3597 543,
1135 3524 1287 3583 1271
1298 3524 1358 3595 0,
1383 3534 1444 3581 et
1482 3520 1621 3583 edd.
1650 3524 1850 3583 Germ.
1877 3543 1946 3583 ac
1969 3524 2183 3585 chesn.
2212 3523 2489 3602 -Alias,

382 3621 760 3697 gratulanter.

462 3713 522 3772 2.
556 3712 649 3771 Sic
674 3710 954 3771 editiones
972 3710 1185 3771 chesn.
1213 3719 1273 3767 et
1298 3708 1591 3769 Benedict.
1626 3742 1710 3758 —
1753 3715 1940 3786 Quam
1960 3714 2015 3766 st·
2039 3710 2232 3767 liceret
2273 3726 2494 3786 semper

385 3808 502 3865 133
524 3816 585 3865 et
612 3804 755 3864 edit.
794 3806 992 3864 Germ.
1020 3834 1101 3847 —-
1121 3809 1305 3880 Quam
1332 3808 1386 3860 si
1415 3821 1632 3879 semper
1658 3808 1853 3861 liceret
1881 3804 2022 3873 543,
2055 3802 2274 3874 1271o,
2307 3804 2489 3865 5925.

386 3924 463 3942 --
492 3902 624 3974 Qua
643 3902 699 3953 si
720 3916 940 3973 semper
966 3900 1157 3955 liceret
1182 3897 1361 3957 6265.

465 3992 526 4049 3.
557 3993 890 4049 Intendeme
922 3992 1061 4049 543.

464 4086 524 4142 4.
556 4084 720 4143 Nunc
749 4084 1239 4157 Cre'cr-au-Mone
1264 4094 1323 4141 et
1353 4078 1683 4140 Nomina-P
1695 4076 1930 4138 Abbesse
1951 4076 2202 4163 (Aisne).

466 4181 525 4237 5.
554 4174 676 4235 Etsi
685 4182 952 4253 proprias
970 4174 1220 4235 liabeant
1242 4173 1415 4234 codd.
1445 4192 1646 4233 omnm
1666 4184 1842 4252 atque
1861 4173 2024 4252 edd„
2038 4177 2276 4253 propria
2302 4186 2492 4236 tamen

406 4268 693 4346 egendum
714 4288 837 4330 esse
863 4288 995 4329 cum
1020 4266 1407 4329 Benedictinis
1423 4265 1783 4347 conjicimus.
