3275 5317
919 594 1044 652 vm
1077 596 1184 653 DE
1220 592 1444 653 Loms
1481 594 1577 653 LE
1619 592 1841 655 GROS.
2382 596 2451 656 61

338 733 664 800 Montem
681 734 704 769 ¹
738 740 1176 797 remearunt.
1204 727 1287 796 At
1315 724 1442 796 ubi
1460 724 1691 822 prima
1708 726 1731 761 ¹
1752 722 1923 821 polo
1950 720 2183 795 stellas
2200 747 2459 800 aurora

339 842 646 939 fugavit,
707 842 961 913 Franci
1011 841 1358 913 hesternae
1430 864 1787 912 memores
1830 838 2103 935 injuriae
2130 892 2151 930 ,
2191 840 2459 913 militiae

339 959 634 1057 insuper
703 957 986 1031 fervore
1049 957 1420 1046 matutini,
1487 955 1947 1029 velocissimis
2010 956 2213 1052 equis
2265 957 2455 1030 viam

337 1072 836 1173 praeripiendo,
859 1097 1086 1171 prope
1107 1072 1189 1144 Gi
1199 1073 1497 1143 sortium
1515 1070 1851 1167 congredi
1872 1072 2244 1162 irruentes,
2267 1072 2455 1145 miro

337 1190 549 1280 fastu,
584 1189 770 1259 mira
806 1202 1220 1261 concertant
1251 1186 1582 1277 audacia3
1635 1202 1708 1258 et
1734 1201 2084 1284 quantum
2120 1202 2455 1284 praestent

338 1304 566 1375 multo
609 1318 836 1375 marte
881 1304 1240 1374 exercitati
1276 1304 1485 1399 longa
1529 1326 1705 1400 pace
1736 1304 2017 1394 solutiS,
2071 1327 2239 1375 cum
2282 1308 2455 1376 Nor-

335 1444 644 1492 mannos
667 1444 800 1517 per
821 1433 1102 1517 portam
1135 1418 1461 1513 fatigatos
1491 1417 1896 1507 intrudunt,
1926 1417 2226 1490 edocere
2257 1418 2455 1493 labo-

339 1550 521 1609 rant.
558 1537 682 1607 His
715 1551 784 1608 et
814 1532 1224 1632 hujusmodi
1253 1534 1662 1632 primordiis
1697 1534 1969 1605 initiata
2011 1560 2291 1629 guerra,
2326 1562 2456 1635 per

335 1652 712 1724 biennium
746 1676 932 1748 pene
979 1650 1412 1740 continuata,
1461 1649 1740 1745 gravius
1777 1673 2013 1745 regem
2050 1652 2309 1747 Angliae
2345 1652 2457 1725 lae-

335 1766 592 1857 debat,
633 1792 800 1837 cum
857 1767 1262 1837 universam
1298 1790 1482 1864 pene
1515 1769 1967 1839 Normanniae
2003 1768 2401 1840 marchiam
2422 1826 2447 1860 ,

333 1886 519 1956 sicut
543 1909 620 1955 se
651 1882 950 1955 ducatus
997 1882 1340 1973 extendit,
1377 1883 1604 1954 multa
1635 1882 1885 1955 militia
1914 1898 1985 1955 et
2016 1886 2453 1981 sumptuosis

333 1997 708 2095 stipendiis
754 1996 844 2069 ad
883 2014 1087 2069 terrae
1121 1996 1610 2069 defensionem
1644 1998 2272 2093 circumcingebat.
2306 2004 2454 2071 Rex

329 2136 510 2184 vero
544 2118 978 2183 Francorum
1005 2113 1316 2209 antiquis
1340 2129 1410 2184 et
1431 2113 1881 2184 naturalibus
1917 2115 2164 2185 castris
2198 2127 2268 2184 et
2298 2138 2457 2184 mu-

331 2228 637 2326 nicipiis,
679 2228 978 2324 gratuita
1014 2228 1584 2318 Flandrensium,
1635 2229 2139 2317 Pontivorum‚
2188 2228 2458 2300 Vilcas-

331 2344 658 2415 sinorum
678 2399 698 2437 ,
732 2360 802 2416 et
827 2344 1142 2415 aliorum
1170 2342 1749 2415 collimitantium
1773 2358 2059 2413 strenua
2090 2342 2459 2439 impugna-

327 2459 552 2550 tione,
603 2475 870 2532 terram
930 2458 1278 2531 incendiis
1300 2512 1319 2549 ‚
1386 2457 1941 2556 depopulatione
1994 2458 2257 2551 agitare
2310 2483 2454 2531 non

329 2574 732 2649 desinebat.
771 2578 956 2645 Cum
983 2590 1226 2645 autem
1257 2572 1680 2645 Guillelmus
1701 2574 1724 2609 ⁸
1759 2572 1940 2667 regis
1967 2573 2241 2668 Anglici
2273 2574 2459 2647 filius

323 2692 480 2787 regi
508 2689 876 2762 Ludovico
905 2688 1316 2759 hominium
1352 2676 1562 2760 s'uum
1607 2687 1919 2780 fecisset,
1975 2690 2193 2784 gratia
2240 2714 2457 2788 pecu-

322 2806 492 2877 liari
525 2819 597 2876 et
631 2804 896 2903 peculii
937 2805 1225 2902 praefato
1269 2820 1502 2877 castro
1546 2804 1837 2875 feodum
1877 2802 2025 2900 ejus
2056 2824 2459 2903 augmenta-

322 2928 435 3000 vit
453 2930 498 3017 ⁸,
525 2943 596 3000 et
615 2928 750 3000 hac
773 2952 936 3001 eum
953 2928 1324 3001 occasione
1350 2930 1424 2999 in
1443 2929 1817 3026 pristinam
1834 2930 2132 3024 gratiam
2144 2932 2447 3005 reduxit.

321 3045 543 3131 Quod
576 3062 965 3143 antequam
997 3044 1228 3137 fleret,
1256 3044 1604 3117 mirabilis
1631 3045 1950 3142 ejusdem
1978 3049 2456 3121 contentionis

326 3162 704 3234 occasione
724 3218 743 3255 ,
799 3177 870 3234 et
909 3162 1319 3235 execrabilis
1370 3161 1751 3235 hominum
1793 3163 2101 3262 perditio
2138 3164 2455 3237 mirabili

324 3277 582 3375 punita
613 3294 722 3350 est
750 3278 1022 3351 ultione
1037 3282 1080 3351 ⁸.

429 3398 617 3466 XVI.
645 3396 1145 3494 supersistitur
1169 3396 1677 3493 promontorio
1701 3396 1903 3470 ardui
1935 3396 2195 3469 littoris
2216 3396 2455 3493 magni

415 3672 470 3729 1.
516 3672 684 3728 Nunc
723 3668 1372 3729 Chaumont-en-Vexe'n
1399 3667 1613 3749 (Oise).
1639 3702 1723 3714 —
1753 3670 1811 3730 2.
1854 3672 2047 3728 Primo
2074 3670 2191 3728 135
2229 3680 2287 3729 et
2319 3663 2453 3733 edd.

413 3768 470 3825 3.
517 3768 604 3822 De
638 3764 752 3823 hoc
777 3762 1034 3835 nomine,
1067 3774 1135 3821 ut
1156 3766 1352 3841 snpra.

417 3860 475 3915 4.
520 3856 612 3916 Sic
651 3860 800 3930 133,
833 3860 978 3927 543,
1025 3855 1214 3927 6265,
1247 3858 1437 3929 5926,
1485 3858 1723 3929 127103
1764 3856 2017 3935 itemque
2049 3860 2194 3933 135,
2246 3856 2455 3920 omisso

325 3953 580 4028 feodum.
613 3955 690 4009 At
723 3952 855 4013 edd.
900 3950 1108 4010 Chesn.
1147 3962 1207 4009 et
1242 3952 1460 4012 Bened.
1499 3972 1512 4007 :
1553 3954 1759 4009 Gratia
1785 3952 2075 4029 peculiari
2105 3968 2161 4011 et
2172 3956 2455 4029 peculium

327 4046 460 4117 ejus
477 4046 721 4120 praefato
757 4056 940 4101 castro
963 4051 1364 4122 augmentavit,
1396 4079 1480 4091 —-
1499 4048 1669 4104 Anno
1701 4047 1851 4105 1111
1887 4065 2003 4124 pax
2041 4046 2139 4105 illa
2166 4048 2307 4105 inita
2342 4060 2453 4120 est,

324 4148 412 4207 et,
439 4134 488 4196 si
517 4139 794 4197 orderico
817 4136 996 4195 vitali
1017 4136 1145 4217 (lib.
1172 4138 1286 4219 xl)
1305 4141 1595 4215 credatur,
1616 4138 1821 4199 ultima
1847 4140 2057 4199 mensis
2084 4140 2276 4199 martii
2302 4140 2452 4199 heb-

325 4230 599 4291 domade.

414 4328 470 4385 5.
516 4322 767 4405 Explicit
783 4336 1054 4402 quartum
1085 4323 1470 4405 fragmentum
1496 4326 1628 4385 cod.
1662 4329 1778 4385 133
1808 4325 2105 4387 insertum.
