3275 5317
1182 314 1720 386 TEMOIGNAGES
1757 326 2397 390 CONTEMPORAINS.

924 704 1023 757 11.
1080 704 1173 751 DE
1239 702 1652 751 NOBJLITATE
1703 704 1958 753 nomm
2019 704 2298 755 suGERn
2359 708 2637 759 Annuus

1421 828 1509 874 m·
1560 826 1894 875 ornamus
1957 828 2142 877 Esus·

819 1076 1047 1144 Inolite
1073 1078 1319 1169 Sugeri,
1353 1077 1644 1167 cupimus
1675 1091 1740 1141 te
1767 1076 1910 1142 luce
1933 1078 2188 1167 repleri,

815 1183 995 1246 Iusta
1020 1179 1138 1245 Dei
1160 1178 1291 1245 veri
1318 1176 1635 1267 magnalia
1663 1175 1860 1244 eorde
1885 1178 2114 1246 vereri.

815 1281 1007 1348 Abba
1024 1298 1227 1372 pater,
1259 1279 1499 1370 gaude3
1526 1277 1936 1369 dignissimus
1961 1302 2054 1362 es,
2086 1279 2212 1371 pie,
2236 1280 2451 1351 laude.

814 1384 1036 1449 Mente
1066 1384 1205 1448 Deo
1227 1380 1497 1473 plaude;
1529 1382 1702 1447 bona
1731 1380 1964 1447 cudere
1985 1380 2239 1449 fortiter
2264 1384 2456 1451 aude.

814 1486 1127 1553 Nobilitas
1153 1510 1411 1552 morum
1436 1484 1864 1576 supereminet
1893 1502 2058 1551 astra
2091 1502 2372 1569 tuorum,

816 1587 944 1671 Qui
973 1606 1157 1677 pater
1184 1612 1249 1653 es
1278 1586 1511 1655 florum
1537 1587 1726 1654 simul
1750 1602 1818 1654 et
1841 1587 2127 1678 regimen
2149 1592 2617 1659 monachorum
2648 1622 2664 1657 ε

816 1689 1083 1757 Coelious
1105 1714 1259 1781 ergo
1282 1692 1515 1757 chorus
1535 1689 1768 1780 probat
1784 1688 1954 1755 hanc
1979 1690 2320 1781 splendore
2351 1693 2652 1775 decorus3

814 1789 1169 1881 sceptriger
1199 1812 1477 1855 annosus
1498 1804 1674 1855 amat
1701 1790 1902 1871 hane,
1933 1808 1996 1855 et
2030 1789 2159 1856 dux
2184 1791 2532 1860 animosus.

812 1894 1205 1957 Francorum
1226 1908 1449 1973 coetus,
1478 1892 1670 1978 hujus
1697 1890 2135 1959 moderamine
2157 1893 2375 1975 fretus,

815 1994 1000 2059 Hanc
1031 1992 1209 2075 colit,
1237 2008 1303 2059 et
1322 1992 1510 2059 laetus
1534 1990 1778 2081 regitur
1799 1991 2034 2083 pietate
2064 1994 2372 2084 repletus.

810 2095 1125 2161 Nobilitas
1151 2094 1380 2161 mentis
1402 2109 1583 2185 patet
1598 2092 1897 2159 omnibus
1917 2092 2056 2160 haec
2083 2094 2364 2162 facientis
2377 2145 2395 2177 ,

810 2196 938 2281 Qui
959 2196 1232 2287 propriae
1260 2196 1467 2287 gentis
1494 2194 1690 2262 decus
1719 2212 1819 2261 est
1843 2212 1911 2261 et
1930 2196 2139 2263 forma
2167 2200 2464 2288 parentis.

810 2297 1190 2365 Muneribus
1221 2298 1380 2363 divis
1404 2298 1579 2364 Deus
1601 2298 1777 2363 buno
1803 2300 2004 2364 erexit
2033 2299 2116 2365 ab
2147 2299 2310 2380 imis,

809 2401 909 2466 Ne
936 2400 1115 2467 fieret
1136 2398 1275 2465 vilis
1297 2398 1547 2465 animus
1568 2398 1893 2487 ‘virtusque
1913 2398 2132 2466 virilis.
2204 2431 2214 2441 ·

808 2500 1027 2567 Gloria
1056 2500 1377 2588 condigna
1410 2512 1591 2563 tanto
1617 2514 1800 2589 patre
1831 2514 2003 2565 sorte
2032 2500 2311 2591 benigna

810 2600 1292 2667 Contulerat....
1326 2599 1505 2690 signa
1532 2597 1768 2689 quibus
1789 2599 1964 2667 fraus
1984 2624 2161 2667 cassa
2187 2603 2497 2694 maligna3

810 2701 1004 2791 Signa
1032 2702 1372 2767 beatorum
1402 2716 1550 2766 sunt
1573 2700 1719 2765 diva
1743 2700 2085 2767 karismata
2109 2724 2393 2787 morum,

809 2802 1129 2871 Nobilitas
1155 2824 1427 2892 quorum
1458 2800 1841 2869 diffunditur
1867 2826 1982 2869 ore
2007 2803 2314 2871 virorum.

807 2908 1106 2996 Regnum
1136 2906 1531 2971 Francorum
1556 2906 1722 2970 rexit
1751 2903 2192 2973 moderamine
2217 2930 2498 2989 morum,

806 3007 933 3089 Qui
962 3007 1094 3072 dux
1120 3028 1467 3095 regnorum
1495 3004 1680 3071 simul
1703 3022 1765 3071 et
1790 3005 2000 3072 dux...
2017 3055 2032 3071 .
2071 3007 2454 3079 animorum.

806 3108 1023 3176 Gloria
1050 3132 1399 3198 regnorum
1428 3130 1544 3173 nec
1570 3110 1756 3174 obest
1775 3108 2016 3175 meritis
2044 3108 2477 3198 dominorum,

804 3210 868 3276 Si
896 3210 1325 3303 perfectorum
1355 3211 1633 3275 retinent
1655 3212 1948 3302 exempla
1973 3211 2320 3278 bonorum.

802 3311 1117 3403 Splendor
1140 3311 1481 3378 doctorum
1506 3310 1694 3377 decet
1712 3311 1886 3379 hunc
1903 3312 2130 3379 virtute
2154 3312 2470 3390 laborum,

802 3412 928 3497 Qui
958 3413 1076 3478 sibi
1100 3429 1477 3479 cunctorum
1507 3411 1783 3479 formam
1815 3430 1990 3478 tenet
2021 3412 2454 3480 emeritorum.

802 3518 1074 3581 Innovat
1094 3515 1423 3582 inventum
1450 3530 1638 3605 pater
1663 3538 1699 3579 a
1733 3510 2100 3577 fundamine
2129 3512 2472 3604 templum,

800 3618 889 3682 Ut
916 3616 997 3681 sit
1021 3614 1089 3682 in
1115 3615 1480 3706 exemplum
1512 3614 1799 3704 Dionysii
1834 3632 2347 3684 monumentum.

801 3719 1032 3784 Nostra
1054 3741 1171 3809 pro
1192 3716 1320 3783 vita
1346 3717 1575 3784 Christi
1594 3716 1717 3784 fuit
1743 3716 1846 3784 hie
1868 3714 2154 3808 agonista

803 3818 1175 3911 Ariopagita
1202 3818 1585 3909 Dionysiu83
1633 3818 2088 3909 archisophista

805 3920 1031 3987 Extitit
1060 3920 1299 3987 athleta
1332 3920 1716 3989 fortissimus
1744 3938 1934 4011 atque
1968 3922 2330 4013 propheta.

805 4026 1030 4111 Regna
1056 4039 1231 4087 tenet
1252 4022 1393 4088 laeta
1427 4023 1525 4089 vir
1553 4024 1732 4089 fortis
1755 4040 1820 4089 et
1847 4023 2192 4111 agoniteta,

2729 337 2846 393 423
