3275 5317
898 581 1015 639 220
1332 578 1664 637 onuvnsss
1701 562 2134 637 commus
2173 580 2277 637 m:
2313 580 2584 639 suem.

898 712 1207 801 lacernis,
1242 710 1535 783 funibus
1562 710 1884 783 adstricti
1917 711 2072 783 vice
2113 710 2552 785 trabentium
2593 712 3006 785 animalium

897 826 1303 899 educebant
1330 854 1351 917 3
1377 842 1451 898 et
1488 851 1617 924 per
1671 824 1996 898 medium
2041 826 2254 899 castri
2305 826 2695 899 declivium
2749 828 3006 901 diversi

896 942 1237 1015 officiales
1256 996 1279 1030 ‚
1340 942 1599 1014 relictis
1640 940 2048 1014 officiorum
2105 966 2407 1014 suorum
2471 943 2966 1017 instrumentis
2983 1000 3002 1035 ,

896 1058 1079 1129 vires
1122 1056 1444 1155 proprias
1484 1056 1756 1129 itineris
1817 1054 2220 1129 difficultati
2275 1056 2662 1131 offerentes
2675 1114 2698 1146 ‚
2761 1057 3008 1131 obvia·

892 1170 1097 1261 bant,
1132 1186 1397 1269 quanta
1428 1183 1758 1270 poterant
1795 1194 1938 1267 ope
1967 1174 2116 1245 Deo
2149 1173 2554 1269 sanctisque
2583 1173 3006 1269 Martyribus

893 1286 1390 1384 obsequentes
1443 1285 1648 1357 Unde
1695 1284 1946 1357 nobile
1968 1285 2336 1383 quoddam
2379 1301 2457 1360 et
2498 1285 2802 1383 dignum
2843 1288 3008 1360 rela-

893 1402 1090 1474 tione
1116 1402 1413 1497 contigit
1432 1399 1888 1490 miraculum,
1909 1399 2107 1498 quod
2122 1403 2408 1499 nosipsi
2423 1400 2516 1475 ab
2527 1402 3003 1475 assistentibus

892 1518 1337 1591 addiscentes
1390 1516 1483 1588 ad
1527 1514 1819 1587 laudem
1861 1516 2391 1614 Omnipotentis
2447 1533 3003 1615 sanctorumque

894 1658 1190 1705 suorum
1244 1632 1526 1705 calamo
1579 1646 1654 1702 et
1681 1646 2082 1703 atramento
2118 1630 2490 1726 adsignare
2531 1631 2998 1705 decrevimus.

988 1752 1113 1819 ΙΙΙ.
1152 1746 1481 1835 Quadam
1513 1748 1754 1843 itaque
1769 1746 1912 1835 die,
1931 1770 2100 1819 cum
2119 1745 2464 1817 imbrium
2487 1748 2850 1820 refusione
2871 1763 3002 1819 tm·b

892 1863 1141 1937 batum
1192 1888 1353 1935 aera
1398 1861 1778 1934 tenebrosa
1811 1861 2196 1933 obtexisset
2225 1863 2567 1961 opacitas,
2623 1863 3002 1935 adventan-

892 1977 1083 2051 tibus
1110 1977 1202 2049 ad
1239 1976 1696 2075 quadrariam
1713 1977 2074 2075 plaustriS,
2106 1978 2233 2075 qui
2263 1978 2626 2073 adjutores
2651 2002 2808 2051 esse
2839 2004 2998 2052 con·

890 2109 1262 2165 sueverant
1312 2092 1662 2190 operandi
1715 2118 1850 2191 pro
1893 2092 2220 2190 impluvii
2255 2092 2706 2167 infestatione
2737 2095 2996 2193 seipsos

886 2208 1458 2281 absentaverunt.
1512 2206 1852 2281 Bubulcis
1903 2232 2074 2279 vero
2140 2209 2606 2305 querentibus
2663 2225 2738 2281 et
2793 2210 2996 2283 recla-

888 2322 1251 2395 mantibus
1293 2348 1367 2395 se
1402 2325 1553 2397 otio
1600 2348 1879 2415 vacare,
1927 2326 2296 2420 operarios
2333 2324 2828 2422 praestolantes
2855 2350 2992 2398 sus·

889 2438 1226 2538 pendere,
1300 2464 1523 2537 usque
1602 2439 1782 2512 adeo
1839 2438 2224 2512 clamando
2295 2441 2734 2529 institerunt,
2809 2441 2994 2539 quod

887 2552 1185 2651 quidam
1239 2554 1629 2627 imbecilles
1677 2570 1750 2627 et
1799 2554 2072 2627 debiles
2129 2578 2298 2627 cum
2349 2556 2588 2653 pueris
2645 2554 2994 2653 aliquibus

887 2694 1190 2742 numero
1223 2670 1475 2743 decem
1502 2686 1574 2742 et
1604 2685 1906 2769 septem,
1932 2686 2303 2768 praesente,
2335 2670 2470 2742 nisi
2503 2668 2741 2759 fallor,
2781 2696 2994 2743 sacer-

886 2784 1083 2877 dote,
1118 2785 1211 2857 ad
1242 2785 1702 2883 quadrariam
1731 2786 2325 2877 acceleraverunt,
2364 2809 2730 2882 unamque
2757 2786 2994 2859 corda·

884 2926 1047 2972 rum
1090 2915 1553 2991 assumentes,
1592 2898 1950 2972 columnae
1993 2900 2460 2991 innectenteS,
2495 2900 2712 2971 aliam
2753 2900 2996 2973 sudem

884 3016 956 3085 in
989 3030 1179 3086 terra
1202 3016 1557 3111 jacentem
1590 3014 2040 3087 dimiserunt.
2079 3018 2326 3111 Neque
2353 3016 2548 3086 enim
2579 3029 2736 3087 erat
2763 3017 2890 3113 qui
2919 3040 2996 3087 ea

880 3130 1159 3201 trahere
1191 3130 1643 3203 inniteretur.
1683 3131 1926 3201 Anima
1935 3144 2048 3201 tus
2083 3128 2324 3226 itaque
2357 3154 2526 3223 grex
2562 3128 2864 3227 pusillus
2881 3132 2994 3229 pio

884 3244 1071 3316 zelo:
1106 3274 1143 3311 α
1168 3248 1451 3331 Sancte,
1468 3247 1834 3343 inquiunt,
1857 3244 2179 3341 Dionysi,
2215 3268 2348 3341 pro
2365 3245 2595 3342 teipso
2625 3259 2994 3316 vacantem

882 3360 1235 3457 accipiens
1274 3360 1553 3442 sudem,
1586 3362 1645 3432 si
1675 3361 1934 3457 placet,
1955 3384 2089 3431 nos
2122 3357 2406 3455 adjuva.
2441 3364 2600 3432 Non
2635 3361 2834 3431 enim
2863 3384 2994 3430 no·

880 3475 1017 3565 bis,
1040 3478 1267 3548 sinon
1292 3476 1713 3575 poterimus,
1742 3476 2098 3573 imputare
2125 3475 2420 3573 poteris,
2451 3477 2818 3571 »Moxque
2846 3472 2994 3545 for·

882 3591 1047 3662 titer
1121 3591 1629 3688 impingenteS‚
1691 3589 1892 3686 quod
1977 3604 2268 3661 centum
2344 3587 2816 3686 quadraginta
2875 3603 2992 3659 aut

880 3706 1116 3777 minus
1142 3720 1435 3778 centum
1470 3705 1775 3800 graviter
1795 3703 1890 3775 ab
1915 3706 2058 3777 ima
2089 3703 2268 3777 valle
2295 3704 2667 3777 extrahere
2691 3728 2990 3776 consue-

879 3835 1151 3910 verant,
1200 3822 1337 3919 ipsi
1384 3846 1531 3893 non
1586 3846 1718 3919 per
1759 3845 1859 3911 se,
1894 3820 2095 3918 quod
2136 3818 2574 3919 impossibile
2599 3834 2814 3907 esset,
2867 3818 2984 3891 sed

878 3934 1240 4009 voluntate
1259 3934 1423 4009 Dei¹
1460 3951 1533 4008 et
1554 3951 1970 4009 sanctorum
1992 3960 2178 4033 quos
2197 3932 2626 4009 invocabant
2647 3934 2980 4031 suffragio

957 4183 983 4237 1
1003 4224 1017 4240 .
1048 4182 1217 4257 Quod
1234 4185 1510 4239 voluntate
1528 4184 1644 4241 Det·
1660 4180 1890 4241 chesnii
1917 4180 2040 4258 ed„
2065 4199 2238 4259 quam
2265 4180 2348 4241 sic
2367 4180 2746 4254 correximus,
2791 4180 2974 4259 utpote

876 4274 1079 4337 denter
1100 4275 1459 4336 mendosam.
