3275 5317
984 584 1108 640 vn:
1151 584 1252 641 DE
1289 586 1511 643 LOUIS
1549 587 1647 642 LE
1676 586 1894 645 (mos,
2434 592 2509 648 55

404 746 444 786 α
479 714 780 787 manims
810 714 1242 813 supplicium
1293 716 1592 809 dolebit,
1646 716 1961 789 findetur
1978 720 1997 756 ¹
2042 718 2277 793 forma
2313 744 2513 793 com-

405 862 443 897 «
483 830 750 919 mercii,
781 828 1164 902 dimidium
1191 830 1584 904 rotundum
1609 834 1773 924 erit,
1810 832 2073 931 peribit
2093 834 2515 908 milvorum¹

409 974 448 1013 α
483 944 856 1044 rapacitas,
897 960 968 1017 et
1004 943 1252 1017 dentes
1285 946 1626 1044 luporum
1674 946 2229 1021 hebetabuntur.
2286 950 2517 1023 Catuli

409 1090 446 1127 a
481 1060 708 1132 leonis
769 1060 844 1131 in
921 1084 1292 1159 aequoreos
1355 1063 1582 1158 pisces
1646 1062 2375 1152 transformabuntur,
2446 1080 2519 1138 et

406 1205 444 1243 α
487 1174 724 1271 aquila
779 1175 932 1272 ejus
993 1200 1206 1274 super
1259 1179 1573 1248 montes⁸
1631 1176 1967 1248 Aravium
2018 1176 2443 1251 nidificabit.
2474 1208 2509 1243 n

401 1294 574 1379 Quae
610 1293 806 1361 rota*
837 1290 1012 1362 tanti
1045 1305 1120 1363 et
1159 1306 1306 1363 tam
1346 1292 1689 1391 decrepiti
1719 1292 2033 1365 vaticinii
2074 1316 2301 1391 usque
2332 1291 2517 1365 adeo

402 1421 475 1479 et
507 1429 830 1503 personae
879 1406 1032 1502 ejus
1075 1410 1098 1447 ⁸
1117 1408 1522 1479 strenuitati
1567 1422 1643 1479 et
1690 1408 1889 1503 regni
1922 1406 2523 1481 administrationi

400 1520 800 1620 adaptatur,
844 1536 927 1594 ut
968 1546 1102 1595 nec
1151 1512 1378 1594 unum
1415 1524 1588 1613 iota,
1631 1548 1765 1594 nec
1794 1547 2025 1596 unum
2070 1521 2371 1595 verbum
2424 1522 2521 1595 ab

404 1637 552 1734 ejus
583 1638 1077 1709 convenientia
1099 1636 1472 1709 dissentire
1505 1638 1733 1711 valeat
1766 1665 1783 1709 ε
1815 1662 1983 1709 cum
2012 1662 2099 1710 ex
2128 1636 2271 1710 hoc
2303 1638 2521 1711 etiam

403 1752 600 1850 quod
627 1753 702 1825 in
727 1750 870 1824 fine
892 1752 984 1823 de
999 1752 1248 1825 catulis
1277 1753 1426 1849 ejus
1455 1753 1744 1841 dicitur,
1780 1753 2151 1825 manifeste
2176 1768 2517 1851 appareat

405 1866 590 1939 filios
617 1866 768 1964 ejus
789 1882 861 1939 et
877 1866 1098 1939 filiam
1125 1866 1599 1962 naufragatos,
1626 1884 1703 1941 et
1724 1892 1767 1939 a
1800 1869 2171 1940 maritimis
2202 1866 2521 1965 piscibus

406 1982 810 2072 devoratos,
849 1998 920 2054 et
947 1981 1514 2055 convertibiliter
1542 1986 1564 2023 ⁸
1610 1982 1903 2082 physice
1950 1982 2518 2075 transformatos,

407 2095 596 2168 illius
626 2098 1034 2169 vaticinium
1059 2122 1194 2195 pro
1219 2113 1416 2169 certo
1447 2098 1873 2171 verificasse.
1918 2100 2253 2170 Praefatus
2280 2100 2523 2195 itaque

409 2236 530 2283 rex
573 2212 943 2303 HenricuS,
999 2213 1392 2284 Guillelmo
1435 2216 1458 2253 '¹
1495 2214 1695 2285 fratri
1752 2212 2057 2285 feliciter
2096 2212 2513 2303 succedens,

408 2350 574 2399 cum
606 2329 908 2400 consilio
940 2328 1344 2426 peritorum
1370 2340 1441 2397 et
1457 2328 1858 2425 proborum
1882 2330 1905 2366 ⁸
1948 2327 2273 2399 virorum
2304 2350 2526 2420 regno

411 2442 696 2537 Anglizz,
747 2442 940 2538 lege⁹
997 2442 1474 2537 antiquorum
1525 2466 1809 2537 regum,
1866 2455 2233 2537 gratanter
2272 2440 2519 2539 dispo-

409 2556 688 2646 suisset,
733 2556 1062 2652 ipsasque
1090 2556 1290 2648 regni
1321 2557 1650 2652 antiquas
1682 2554 2233 2627 consuetudines
2255 2555 2347 2628 ad
2367 2580 2527 2654 cap-

411 2669 700 2739 tandam
723 2692 972 2740 eorum
1005 2668 1564 2741 benivolentiam
1579 2668 2045 2767 jurejurando
2077 2668 2429 2742 firmasset
2457 2672 2521 2760 ¹⁰,

410 2782 751 2881 applicuit
798 2783 893 2855 ad
931 2798 1224 2881 portum
1270 2784 1568 2857 ducatus
1618 2790 1677 2856 N
1682 2784 2115 2876 ormannici3
2164 2785 2527 2878 fretusque

409 2898 690 2971 domini
737 2900 920 2995 regis
977 2904 1404 2972 Francorum
1447 2900 1737 2994 auxilio,
1799 2915 2069 2972 terram
2123 2900 2519 2998 componit,
2628 2912 2643 2923 ‘

407 3014 596 3111 leges
623 3016 895 3107 recolit,
921 3040 1174 3114 pacem
1192 3018 1454 3089 coactis
1481 3018 1815 3115 imponit,
1844 3017 2023 3089 nihil
2041 3018 2281 3089 minus
2304 3040 2527 3113 quam

406 3131 837 3205 eruitionem
899 3131 1278 3205 oculorum
1335 3148 1410 3205 et
1464 3132 1960 3205 celsitudinem
2010 3133 2400 3223 furcarum,
2463 3132 2525 3201 si

490 3437 549 3491 1.
579 3435 869 3491 Fundetur
895 3434 1037 3508 133,
1067 3434 1284 3493 12710.

489 3526 548 3587 2.
579 3530 888 3587 milvorum
912 3512 1375 3588 mie1eorum133.
1404 3559 1485 3573 —
1505 3529 1563 3589 3.
1593 3530 1851 3585 Montem
1883 3526 1999 3585 133
2028 3534 2086 3582 et
2116 3524 2253 3581 543.

491 3622 553 3680 4.
579 3626 724 3679 Rota
749 3618 886 3679 edd.
911 3650 991 3667 —
1018 3624 1157 3678 Tota
1184 3636 1286 3677 sex
1313 3618 1487 3680 codd.
1660 3604 1669 3617 ¹

493 3715 552 3773 5.
580 3716 726 3787 Ejus
747 3712 912 3771 deest
931 3712 992 3771 in
1023 3711 1156 3772 cod.
1185 3714 1302 3771 135
1329 3712 1482 3771 acin
1507 3710 1644 3769 edd.

493 3808 550 3869 6.
604 3805 1068 3865 conver-sabaim
1101 3808 1240 3866 133.
1303 3808 1388 3863 De
1421 3804 1534 3863 hoc
1579 3801 1907 3879 naufragio,
1948 3803 2018 3863 V.
2064 3800 2275 3863 Order.
2324 3799 2495 3862 vital.
2509 3848 2527 3879 ,

409 3898 517 3957 lib.
546 3902 692 3979 XII,
718 3910 780 3959 ct
815 3898 970 3957 infra
992 3898 1054 3956 in
1077 3894 1320 3957 observ.

495 4000 553 4053 7.
587 3998 678 4055 W
674 3997 882 4051 illelmo
907 3996 1046 4053 133.
1069 4024 1150 4039 —
1169 3996 1254 4055 W
1257 3994 1449 4048 iletmo
1475 3992 1694 4048 12710.
1719 4020 1803 4034 —
1826 3991 2340 4054 Guiltermosssss.

493 4086 550 4144 8.
581 4092 862 4145 Bonorum
889 4088 1072 4145 6265.
1099 4116 1178 4129 -
1203 4088 1264 4143 9.
1293 4088 1408 4143 Pro
1433 4086 1575 4159 Iege,
1610 4080 1827 4139 habent
1845 4100 2016 4158 regno
2039 4080 2168 4140 cod.
2199 4082 2316 4140 135
2341 4092 2398 4139 ct
2424 4078 2522 4144 cd.

411 4182 613 4241 Germ.
636 4202 654 4253 ;
689 4198 918 4257 regnum
940 4177 1036 4240 ed.
1056 4178 1270 4238 Chesn.

493 4276 592 4335 10.
619 4276 926 4333 Feb-manee
953 4274 1096 4347 133,
1125 4272 1347 4346 12710,
1374 4278 1434 4329 et
1456 4266 1550 4331 ed.
1577 4268 1794 4327 Beued.
1829 4300 1911 4313 —·
1934 4270 2219 4326 Fit-maret
2242 4265 2363 4328 alii.
