3275 5317
852 590 924 647 30
1280 584 1602 645 OEuvnrzs
1641 570 2066 644 commus
2103 584 2203 643 m:
2244 584 2512 644 suasa.

847 744 1058 795 causa
1115 718 1251 789 fuit
1278 722 1300 757 ²
1356 732 1438 790 ut
1479 717 2002 790 nobilissimam
2042 715 2323 789 domini
2369 715 2715 789 Ludovici
2763 716 2955 789 desi-

846 835 1040 931 gnati
1072 855 1395 907 sororem
1421 834 1934 925 Constantiam,
1954 832 2279 905 moribus
2295 833 2626 924 facetam,
2650 858 2959 932 persona

848 950 1269 1045 elegantem,
1303 948 1479 1021 facie
1520 948 2106 1046 pulcherrimam,
2159 948 2617 1021 matrimonio
2654 948 2792 1021 sibi
2828 974 2955 1021 oo-

847 1065 1079 1164 pulari
1124 1065 1690 1162 quibuscumque
1734 1062 1969 1135 modis
2010 1064 2444 1161 quaeritaret.
2510 1069 2731 1137 Tanta
2760 1064 2959 1137 enim

848 1197 919 1253 et
948 1182 1146 1276 regni
1180 1184 1614 1252 Francorum
1648 1194 1720 1251 et
1745 1178 2019 1253 domini
2050 1179 2389 1251 Ludovici
2415 1178 2960 1278 praeconabatur

847 1296 1249 1388 strenuitas,
1275 1311 1358 1367 ut
1381 1294 1514 1394 ipsi
1542 1296 1758 1366 etiam
1784 1294 2361 1390 Sarracenihujus
2380 1308 2658 1368 terrore
2676 1294 2959 1393 copulae

847 1424 1300 1485 terrerentur.
1360 1407 1675 1482 Vacabat
1733 1408 2025 1481 domina
2042 1414 2088 1501 2,
2140 1410 2481 1483 comitem
2530 1414 2957 1483 Trecensem

847 1529 1224 1622 Hugonem
1247 1526 1270 1566 ³
1293 1549 1598 1624 procum
1619 1539 2021 1622 aspernata,
2052 1548 2187 1596 nec
2209 1523 2676 1599 dedecentem
2696 1528 2720 1564 ⁸
2744 1550 2959 1624 spon-

847 1666 1005 1712 sum
1051 1642 1304 1714 iterata
1347 1642 1604 1739 copula
1641 1640 2045 1739 appetebat.
2097 1638 2413 1713 Callebat
2460 1641 2788 1739 princeps
2818 1642 2959 1711 An-

843 1756 1212 1829 tiochenus
1251 1784 1272 1847 ;
1331 1771 1401 1828 et
1452 1770 1603 1828 tam
1650 1755 1860 1828 donis
1902 1779 2121 1853 quam
2172 1757 2537 1853 promissis
2582 1756 2951 1854 copiosus,

846 1870 1216 1944 dominam
1271 1870 1468 1942 illam
1523 1869 1987 1943 celeberrime
2050 1869 2185 1941 sibi
2228 1872 2555 1969 copulari
2615 1871 2945 1961 Carnoti,

844 2001 1184 2084 praesente
1215 2010 1374 2083 rege
1412 2001 1485 2057 et
1514 1985 1813 2057 domino
1850 1984 2238 2072 LudovicO,
2280 1986 2524 2060 multis
2561 1985 2957 2059 astantibus

845 2101 1411 2199 archiepiscopiS,
1470 2101 1821 2200 episcopis
1870 2115 1943 2172 et
1989 2100 2189 2195 regni
2233 2100 2653 2199 proceribus
2691 2100 2955 2176 devote

850 2218 1270 2315 promeruit.
1331 2216 1566 2288 Astitit
1605 2217 1819 2287 etiam
1848 2214 2118 2287 ibidem
2167 2217 2499 2289 Romana:
2540 2216 2727 2289 sedis
2775 2241 2950 2316 apo-

842 2332 1104 2405 stolicae
1131 2332 1427 2429 legatus,
1447 2331 1784 2404 dominus
1818 2336 2084 2421 Brun0,
2120 2331 2447 2425 Signinus
2477 2333 2881 2431 episcopuS,
2914 2356 2957 2405 a

842 2447 1140 2519 domino
1169 2444 1486 2519 Paschali
1503 2447 1742 2545 papa⁸,
1761 2446 1852 2519 ad
1868 2444 2309 2517 invitandam
2324 2461 2395 2518 et
2407 2446 2957 2521 confortandam

841 2564 1066 2635 sancti
1111 2561 1470 2660 sepulchri
1513 2563 1733 2657 viam,
1772 2560 2152 2635 dominum
2192 2562 2691 2635 Boamundum
2722 2564 2957 2636 comi-

842 2692 1051 2751 tatus·
1093 2676 1294 2749 Unde
1327 2677 1617 2775 plenum
1660 2692 1731 2749 et
1767 2674 2049 2749 celebre
2096 2678 2395 2748 Pictavis
2440 2680 2670 2751 tenuit
2716 2679 2957 2751 eonci-

841 2791 1042 2885 lium,
1083 2794 1199 2865 cui
1229 2808 1302 2864 et
1334 2817 1469 2864 nos
1499 2790 1949 2863 interfuimus
1977 2793 2022 2880 ⁸,
2056 2792 2225 2890 quia
2258 2809 2583 2866 recenter
2630 2818 2673 2865 a
2712 2794 2954 2867 studio

843 2911 1278 2983 redieramus
1307 2936 1324 2981 ε
1369 2910 1498 2982 ubi
1531 2908 1622 2982 de
1662 2908 1956 2981 diversis
1987 2910 2451 3006 synodalibus
2491 2926 2563 2983 et
2598 2906 2953 3009 praecipue

843 3023 935 3096 de
981 3024 1628 3121 Hierosolymitano
1678 3024 1959 3116 itinere,
1992 3049 2085 3097 ne
2127 3039 2441 3125 tepescat
2498 3050 2711 3125 agens
2732 3080 2751 3119 ,
2803 3041 2953 3099 tam

841 3140 990 3238 ipse
1021 3164 1239 3237 quam
1285 3140 1743 3213 Boamundus
1786 3140 2051 3213 multos
2078 3142 2182 3214 ire
2213 3143 2581 3216 animavit.
2620 3146 2953 3230 Quorum

841 3254 1002 3328 freti
1032 3259 1370 3329 comitatu
1411 3256 1638 3329 multo
1672 3257 2045 3353 multaque
2076 3258 2351 3351 militia,
2398 3272 2543 3329 tam
2586 3258 2737 3356 ipse
2768 3262 2950 3329 Boa-

839 3371 1154 3445 mundus
1188 3397 1406 3471 quam
1441 3372 1733 3445 domina
1764 3374 2201 3465 Constantia,
2238 3397 2521 3445 necnon
2554 3389 2629 3446 et
2664 3374 2816 3472 ipse
2847 3373 2953 3445 le-

839 3502 1038 3584 gatus
1062 3487 1157 3561 ad
1184 3488 1474 3587 propria
1504 3512 1838 3588 prospere
1864 3505 1938 3560 et
1966 3487 2270 3585 gloriose
2296 3504 2731 3562 remearunt.
2770 3492 2952 3576 Quae

837 3603 1129 3678 domina
1177 3605 1588 3677 Constantia
1644 3604 1942 3677 domino
1994 3604 2412 3677 Boamundo
2470 3605 2654 3678 duos
2704 3605 2955 3701 genuit

917 3838 978 3895 1.
1021 3837 1216 3891 Fuerit
1237 3835 1355 3894 133
1381 3846 1438 3893 et
1467 3836 1689 3894 12710.

917 3930 980 3987 2.
1025 3930 1158 3984 Haec
1179 3925 1376 3986 decem
1404 3925 1605 3985 ultima
1627 3924 1805 3985 verba
1835 3928 2043 3986 desunt
2062 3924 2124 3985 in
2158 3925 2331 3986 codd.
2360 3928 2477 3987 133
2508 3938 2566 3986 et
2594 3928 2814 3988 12710.

918 4023 978 4082 3.
1021 4022 1192 4098 Hugo
1235 4024 1262 4077 1
1279 4062 1295 4089 ‚
1336 4018 1654 4078 Theobaldi
1696 4022 1721 4076 1
1768 4018 1909 4098 (seu
1955 4018 2079 4099 111)
2118 4018 2268 4079 filius
2286 4065 2302 4092 ‚
2346 4032 2581 4079 octavus
2614 4019 2945 4100 Campaniae

851 4130 1151 4173 comes.-
1181 4117 1241 4174 4.
1283 4118 1589 4172 Decentem
1619 4116 1758 4185 135,
1790 4111 2041 4191 itemque
2068 4112 2203 4175 edd.
2232 4116 2430 4173 Germ.
2462 4126 2523 4173 et
2546 4114 2753 4174 Chesn.

917 4212 976 4268 5.
1021 4204 1282 4265 Paschali
1305 4208 1386 4276 11,
1419 4224 1572 4263 anno
1599 4208 1755 4264 1099
1783 4204 1984 4266 electo.
2024 4210 2111 4266 De
2144 4206 2256 4267 hoc
2278 4206 2646 4268 matrimonio
2668 4210 2743 4269 V:
2769 4207 2945 4279 infra,

839 4297 902 4359 in
921 4299 1222 4361 Observat.
1243 4326 1322 4346 —·
1347 4298 1409 4359 6.
1451 4304 1620 4359 Anno
1645 4301 1825 4358 1106.
