3275 5317
810 602 927 659 33¹.
1243 600 1575 657 OEuvlffls
1614 598 2042 658 COMPLETES
2079 600 2182 657 DE
2223 598 2494 661 SUGER.

805 730 974 805 licet
1020 754 1169 805 non
1204 729 1387 803 sicut
1429 729 1846 825 debueram,
1885 746 1958 804 et
1991 731 2298 805 fratrum
2342 742 2751 805 nostrorum
2777 728 2908 803 ibi-

807 845 975 920 dem
1006 844 1082 918 in
1115 860 1354 918 sancta
1386 860 1459 918 et
1496 850 1656 919 Deo
1695 844 2112 946 acceptabili
2145 846 2484 943 religione
2519 846 2912 920 deservien:

806 964 990 1037 tium
1035 962 1308 1035 votivas
1346 963 1767 1058 confugiens
1815 964 2198 1057 orationeS,
2264 965 2338 1035 in
2391 962 2710 1061 capitulo
2750 986 2910 1035 cum

804 1080 929 1167 eis,
974 1078 1156 1153 sicut
1184 1102 1381 1149 eram
1422 1076 1696 1167 solitus,
1740 1077 1933 1151 bona
1962 1102 2140 1178 pace
2171 1078 2428 1150 resedi.
2467 1082 2794 1175 Cumque
2823 1076 2912 1149 de

804 1195 909 1267 eis
940 1208 1012 1267 et
1042 1194 1115 1265 in
1157 1194 1258 1265 eis
1302 1208 1464 1292 post
1502 1197 1738 1265 Deum
1772 1192 2175 1284 confidens,
2223 1207 2570 1292 tanquam
2601 1207 2900 1289 aegrotus

806 1308 1003 1383 fideli
1038 1306 1323 1381 medico
1362 1306 1922 1381 sollicitudinum
1959 1332 2284 1380 mearum
2335 1331 2640 1403 angores
2656 1312 2676 1347 ¹
2712 1306 2908 1407 repli-

802 1421 1372 1524 care1m]‚annos
1391 1448 1592 1496 meos
1616 1422 1690 1494 in
1704 1422 2188 1495 amaritudine
2217 1422 2474 1495 animae
2503 1446 2683 1495 meae
2717 1447 2910 1521 repo-

798 1562 1006 1633 nens,
1038 1538 1460 1639 deplangere
1498 1554 1571 1612 et
1602 1536 1942 1611 aborrere
1972 1539 2360 1611 introrsum
2393 1539 2580 1636 coepi
2616 1564 2634 1607 z
2681 1562 2906 1610 meam

798 1654 989 1727 circa
1036 1654 1444 1727 divinorum
1481 1652 1997 1727 beneficiorum
2035 1652 2433 1750 largitatem
2481 1654 2772 1750 longam
2811 1654 2908 1725 in·

798 1769 1301 1865 gratitudinem
1380 1784 1890 1868 repraesentans
1962 1769 2166 1861 mihi,
2239 1769 2612 1868 quomodo
2680 1766 2908 1841 valida

796 1884 1091 1957 Domini
1118 1908 1369 1956 manus
1390 1909 1509 1958 me
1533 1909 1924 1984 pauperem
1958 1884 2050 1959 de
2081 1900 2390 1958 stercore
2421 1886 2698 1977 erexit’‚
2741 1908 2906 1981 quo-

794 1998 1019 2073 modo
1051 2014 1123 2072 et
1157 2014 1323 2073 ante
1366 1998 1716 2072 honorem
1765 2000 1964 2073 bunc
1993 2026 2158 2072 cum
2189 1998 2632 2100 principibus
2681 1998 2906 2071 Eccle-

796 2115 915 2188 siae
957 2130 1029 2188 et
1078 2116 1273 2212 regni
1319 2114 1710 2189 consedere
1755 2115 1998 2187 fecerit
2015 2173 2032 2208 ,
2074 2115 2384 2214 qualiter
2433 2140 2552 2187 me
2619 2116 2904 2187 inmeri-

797 2244 951 2303 tum
990 2247 1065 2304 et
1117 2230 1485 2304 absentem
1535 2254 1710 2330 pace
1747 2232 2075 2304 omnium
2123 2232 2200 2303 in
2259 2230 2397 2304 hac
2455 2230 2698 2303 sancta
2747 2228 2904 2303 sede

794 2344 1284 2419 sublimaverit
1304 2400 1327 2437 ,
1390 2369 1535 2443 qua
1592 2345 2080 2419 munificentia
2130 2345 2593 2420 dominorum
2637 2362 2906 2419 nostro-

794 2486 959 2535 rum
1012 2461 1607 2561 apostolicorum,
1655 2462 2120 2535 dominorum
2177 2488 2452 2559 regum,
2503 2463 2898 2563 principum

793 2594 865 2651 et
903 2577 1377 2678 populorum,
1418 2578 1664 2677 sopitis
1711 2578 2134 2652 aemulorum
2166 2578 2462 2669 insidiis,
2499 2578 2904 2653 benivolen-

793 2694 965 2765 tiam
1018 2692 1230 2766 nobis
1284 2692 1797 2783 conciliaverit,
1868 2696 1942 2767 in
2008 2694 2344 2767 omnibus
2407 2696 2714 2769 omnino
2769 2710 2902 2768 tam

789 2809 1274 2908 spiritualibus
1328 2833 1549 2906 quam
1600 2809 2114 2910 temporalibus
2161 2826 2625 2912 prosperatus
2663 2812 2892 2884 fuerit.

789 2928 881 2998 Et
910 2924 1086 2997 dum
1118 2926 1334 2997 tantis
1375 2922 1637 2996 debitis
1672 2926 2027 2999 obnoxius
2059 2928 2442 3023 astringor,
2477 2926 2572 3001 de
2601 2926 2900 2999 retribu-

789 3040 984 3113 tione
1027 3040 1319 3113 timidus
1362 3040 1675 3113 clamans
1723 3064 2188 3114 commoveor
2224 3070 2241 3113 :
2287 3040 2484 3135 Quid
2521 3040 2899 3115 retribuam

790 3158 1095 3227 Domino
1117 3180 1257 3252 pro
1300 3154 1623 3227 omnibus
1657 3182 1811 3255 quaa
1841 3156 2166 3230 retribuit
2205 3156 2390 3229 mila·
2409 3158 2480 3229 ⁸?
2527 3158 2742 3231 Unde
2771 3172 2899 3231 tao-

784 3284 901 3343 tus
932 3269 1184 3344 dolore
1210 3269 1447 3342 cordis
1467 3271 1918 3364 intrinsecus,
1957 3297 2216 3373 parans
2251 3272 2490 3369 fugam
2523 3272 2621 3345 ad
2655 3296 2894 3345 verum

784 3387 947 3460 vitae
988 3400 1493 3487 protectorem,
1541 3402 1698 3460 toto
1738 3388 1997 3461 mentis
2035 3402 2110 3461 et
2153 3386 2392 3461 cordis
2436 3388 2727 3482 affectu,
2767 3388 2894 3461 sra-

788 3517 981 3576 trum
1042 3517 1453 3575 nostrorum
1495 3516 1568 3575 et
1623 3504 1954 3576 omnium
2009 3519 2080 3576 et
2127 3505 2571 3600 singulorum
2603 3503 2894 3601 genibus

782 3617 1235 3718 provolutuS,
1303 3619 1379 3691 in
1436 3643 1519 3691 ea
1576 3644 1719 3719 qua
1801 3620 2126 3693 Christus
2193 3620 2440 3693 dilexit
2516 3644 2656 3693 nos
2721 3620 2891 3694 mri-

786 3748 957 3828 tate,
1007 3732 1097 3808 ad
1130 3734 1525 3807 uniendum
1567 3760 1704 3808 nos
1748 3736 2164 3834 sauguinem
2197 3760 2406 3809 suum
2447 3735 2786 3829 fundens,
2819 3749 2891 3810 ut

785 3870 999 3945 opem
1049 3847 1228 3921 ferat
1276 3848 1688 3949 suppliciter
1751 3850 2092 3947 efflagito.
2147 3854 2286 3925 Pro
2343 3874 2664 3949 quorum
2711 3866 2886 3925 certe

782 3962 1021 4061 quiete
1058 3962 1430 4039 laboribus
1469 3966 2082 4067 inpraesentiarum
2123 3992 2240 4040 me
2283 3991 2591 4067 expono,
2641 3968 2738 4041 ad
2772 3994 2884 4069 pa·

863 4234 923 4290 1.
954 4236 1282 4309 Languores
1303 4230 1437 4291 edd.
1478 4233 1688 4293 Chesn.
1721 4246 1780 4293 et
1813 4232 2000 4295 Felib.

864 4325 923 4383 2.
954 4330 1227 4385 Erexerie
1250 4324 1373 4386 sola
1394 4324 1488 4387 ed.
1520 4324 1734 4387 Chen-n.
1787 4358 1871 4375 —
1911 4331 1971 4391 3.
2003 4327 2216 4389 Psalm.
2239 4348 2375 4423 uxr,
2406 4334 2466 4391 3.
