3275 5317
1362 232 1489 289 VIE
1523 234 1627 289 DE
1668 234 1940 295 SUGER.
2596 238 2706 294 399

595 370 1029 439 Francorum
1070 365 1323 437 militia
1354 365 1473 437 alii
1504 365 1801 462 quidem
1827 366 1941 438 vel
1975 366 2167 438 ferro
2198 367 2312 439 vel
2347 367 2537 439 fame
2583 367 2706 437 mi-

594 478 987 554 serabiliter
1032 479 1478 569 cecidissent,
1531 479 1712 553 alios
1744 505 1916 553 vero
1961 482 2224 554 reverti
2274 481 2564 555 vidisset
2599 483 2706 553 in-

593 597 880 692 glorios.
922 595 1125 667 Unde
1153 595 1318 667 satis
1360 611 1510 668 erat
1547 596 1915 688 sollicitus,
1950 620 2041 667 ne
2087 595 2303 693 hujus
2342 597 2704 669 infortunii

594 712 962 785 occasione
1026 710 1395 783 christiani
1461 710 1776 783 nominis
1853 711 1930 781 in
2001 712 2292 783 Oriente
2355 710 2704 810 deperiret

593 827 839 923 gloria,
890 842 963 898 et
1002 825 1162 897 loca
1208 841 1451 899 sancta
1491 824 1903 899 infidelibus
1932 827 2422 899 conculcanda
2472 826 2704 899 trade-

591 958 866 1015 rentur.
890 942 1241 1040 Epistolas
1267 942 1537 1040 quippe
1569 942 2078 1013 transmarinas
2109 966 2148 1011 a
2191 966 2348 1039 rege
2388 941 2702 1015 Hieroso·

593 1060 959 1155 lymorum
984 1056 1098 1127 vel
1126 1056 1533 1154 patriarcha
1554 1055 2005 1129 Antiocheno
2031 1074 2428 1157 acceperat,
2450 1057 2702 1155 quibus

590 1175 799 1247 illum
830 1173 925 1245 ad
952 1170 1524 1245 subveniendum
1549 1170 1688 1243 sibi
1716 1171 2248 1245 lacrimabiliter
2280 1173 2700 1266 invitabant,

590 1304 981 1363 asserentes
1044 1288 1280 1360 occiso
1345 1288 1668 1385 principe
1744 1311 2031 1360 crucem
2093 1288 2475 1363 Salvatoris
2527 1292 2700 1363 intra

591 1404 1041 1478 Antiochiam
1073 1427 1117 1477 a
1147 1404 1551 1475 Sarracenis
1566 1402 1945 1497 inclusam,
1977 1402 2402 1503 urbemque,
2441 1405 2573 1477 nisi
2604 1430 2700 1479 ce-

590 1520 805 1593 lerius
832 1519 966 1592 sibi
995 1518 1521 1611 subveniretur,
1543 1516 1896 1592 deditioni
1916 1521 2346 1619 proximam.
2380 1520 2697 1594 Hisdem'

588 1634 1111 1709 nihilhominus
1143 1633 1423 1724 diebu5‚
1453 1634 1814 1729 Eugenius
1839 1660 2024 1733 papa
2047 1637 2309 1734 scripta
2335 1634 2438 1707 illi
2460 1635 2698 1707 direxi!

586 1750 1005 1851 apostolica,
1061 1765 1135 1822 et
1180 1774 1314 1846 pro
1350 1750 1748 1822 reverentia
1799 1748 2182 1823 obsecrans
2198 1804 2218 1842 ,
2268 1765 2340 1823 et
2379 1775 2515 1849 pro
2543 1774 2696 1823 auc·

588 1868 877 1941 toritate
952 1866 1313 1963 imperans
1363 1879 1471 1956 ut,
1519 1863 1920 1937 secundum
1972 1864 2210 1937 datam
2272 1889 2315 1935 a
2359 1870 2516 1937 Deo
2575 1865 2696 1936 sibi

589 1980 1037 2080 sapientiam,
1106 1980 1458 2053 Orientali
1504 1979 1814 2051 ecclesiae
1857 1976 2347 2052 subveniendo
2391 1979 2694 2053 consule

586 2112 720 2188 ret,
772 2112 847 2170 et
888 2096 1442 2169 christianorum
1493 2095 1759 2194 quibus
1805 2109 2043 2193 posset
2121 2095 2358 2167 modis
2403 2095 2694 2167 auferre1

584 2210 1090 2312 opprobrium.
1127 2215 1277 2282 Hac
1318 2209 1533 2305 igitur
1576 2223 2007 2307 provocatus
2053 2210 2465 2282 necessitate
2482 2264 2501 2298 ‚
2531 2234 2692 2307 prae·

584 2329 838 2401 sertim
867 2352 1035 2400 cum
1062 2324 1269 2397 illum
1300 2339 1373 2396 et
1402 2324 1790 2422 apostolica
1817 2323 2042 2421 jussio
2086 2340 2366 2419 urgeret
2391 2340 2464 2397 et
2501 2324 2692 2397 robo-

584 2458 779 2516 raret
808 2442 1213 2532 auctoritaS,
1256 2440 1411 2511 iniit
1452 2465 1621 2511 cum
1661 2440 1922 2536 pietate
1957 2440 2365 2533 consilium,
2404 2440 2690 2538 qualite-1

586 2574 663 2631 et
707 2554 1277 2655 periclitantibus
1320 2579 1535 2654 opem
1576 2556 1796 2628 ferret
1839 2571 1911 2628 et
1959 2556 2292 2650 injuriam
2347 2558 2580 2628 crucis
2634 2558 2690 2628 it

584 2672 899 2746 nefarios
932 2686 1405 2767 retorqueret.
1440 2676 1529 2743 Et
1558 2671 1708 2765 regi
1739 2670 2036 2767 quidem
2061 2676 2498 2745 Francorum
2539 2697 2688 2771 par·

582 2786 905 2863 cendum
954 2786 1283 2883 judicans
1341 2787 1457 2859 vel
1502 2811 1801 2859 reversae
1855 2812 2088 2886 nuper
2137 2788 2402 2861 militiae
2425 2842 2444 2879 ,
2507 2790 2688 2887 quoc'

583 2905 704 2977 vix
742 2901 1116 3002 paululum
1151 2903 1639 3001 respirassent,
1687 2919 2116 2977 convocatos
2147 2929 2362 3003 super
2390 2905 2534 2977 hoc
2582 2914 2686 2977 ne'·

587 3022 784 3117 gotio
841 3020 1043 3117 regni
1094 3020 1431 3092 convenit
1513 3020 1910 3118 episcopos,
1971 3020 2358 3093 exhortans
2422 3020 2578 3093 illos
2635 3036 2686 3091 e*

586 3138 911 3209 animans
958 3134 1055 3207 ad
1094 3133 1666 3233 praesumendam
1717 3158 1960 3208 secum
2013 3137 2325 3208 victoriae
2371 3134 2686 3228 gloriam.

585 3278 744 3351 quae
778 3250 1293 3350 potentissimis
1316 3248 1603 3347 regibus
1633 3274 1785 3322 non
1812 3251 2058 3323 fuisset
2090 3272 2448 3323 concessa.
2490 3247 2684 3335 Quoc'

584 3392 755 3439 cum
786 3367 1049 3439 frustra
1073 3366 1286 3438 tertio
1326 3381 1837 3466 attemptasset,
1873 3380 2165 3463 accepto
2203 3377 2410 3459 gustu
2452 3363 2684 3435 formi-

584 3482 773 3556 dinis
816 3496 889 3554 et
919 3482 1211 3579 ignaviae
1256 3480 1566 3574 illorum,
1611 3479 1910 3575 dignum
1954 3477 2422 3552 nihilominus
2471 3480 2682 3553 duxit.

584 3596 1023 3673 cessantibus
1078 3596 1259 3686 aliis,
1316 3601 1486 3697 per·
1534 3621 1607 3669 se
1652 3593 2007 3670 laudabile
2055 3608 2308 3669 votum
2370 3596 2682 3696 implere.

668 3882 697 3938 1
712 3922 727 3937 .
759 3878 974 3937 Iisdem
1000 3875 1097 3935 ed.
1128 3872 1425 3935 Benedict.

664 3972 725 4031 2.
752 3975 871 4031 Per
886 3970 1020 4031 cod.
1048 3989 1158 4033 ms.
1171 4000 1253 4015 -
1276 3970 1423 4047 Pm,
1450 3968 1745 4046 mendose,
1771 3978 1885 4029 tres
1913 3965 2250 4049 supradictae
2274 3964 2414 4029 edd.
