3275 5317
910 345 1025 401 ⁴24
1340 344 1670 401 OEuvars
1709 330 2138 403 comte-ras
2181 348 2282 403 m:
2323 348 2596 405 sunan.

991 477 1183 563 Cujus
1210 491 1348 540 erat
1382 474 1627 565 lampas
1653 475 1974 567 sugerius,
2005 475 2258 543 inclitus
2280 478 2506 545 abbas.

995 576 1234 645 struxit
1266 576 1324 641 ei
1352 600 1577 668 capsas
1596 602 1778 658 auro,
1808 580 2078 669 gemmis
2101 577 2467 665 decoratas3

992 678 1236 747 Ordine
1262 678 1483 747 dilevit
1510 680 1882 759 clausu-um,
1917 680 2356 773 templumque
2373 684 2676 767 novavit3

993 782 1154 848 Aras
1181 782 1428 849 ornavit
1459 807 1639 860 auro,
1669 781 1938 873 gemmis
1958 781 2260 867 radiavit3

992 882 1193 949 Pallia
1220 884 1381 950 mira
1414 884 1614 966 dedit,
1640 883 2068 975 distr-actaque
2095 884 2278 975 plura
2304 886 2606 953 redemit.

994 988 1153 1053 Tres
1178 988 1425 1054 tabulas
1444 988 1591 1053 feeit
1612 1012 1796 1069 auro,
1823 986 2220 1079 gemmisque
2241 989 2546 1079 replevit3

994 1086 1232 1171 Quarta
1252 1089 1461 1155 nitens
1486 1088 1770 1179 plurimis
1795 1088 2088 1181 gemmis,
2118 1090 2402 1177 preciosa
2427 1090 2670 1181 lapillis

996 1190 1235 1255 Vernat
1260 1189 1328 1255 iu
1355 1190 1688 1271 onichinis‚
1717 1190 2093 1281 smaragdis,
2131 1208 2266 1257 arte
2293 1190 2562 1259 berillis.

996 1294 1209 1357 Aurea
1232 1315 1385 1358 crux
1412 1291 1590 1359 miris
1618 1293 1871 1384 fulgens
1895 1292 2196 1360 distincta
2219 1294 2498 1383 saphiris

994 1392 1288 1459 Ostendit
1316 1394 1466 1461 vivis
1498 1419 1692 1486 quam
1709 1394 1790 1461 sit
1814 1412 1996 1488 pater
2025 1396 2142 1461 iste
2161 1394 2388 1463 virilis-

993 1494 1212 1563 Gloria
1239 1498 1523 1565 sublimis
1552 1499 1829 1565 debetur
1849 1500 1998 1566 huic
2017 1501 2153 1565 sine
2181 1498 2384 1565 rimis·

994 1600 1239 1689 Dignus
1256 1600 1314 1665 ei
1342 1600 1485 1667 finis
1516 1601 1680 1667 ooelo
1711 1601 2066 1669 celebretur
2087 1602 2334 1669 herilia.

992 1702 1299 1769 nadulfus
1324 1704 1603 1795 phisicus
1630 1706 1800 1796 cepit
1831 1704 2130 1773 dictando
2155 1706 2484 1779 laborem}

994 1806 1264 1872 Lux-idua
1286 1807 1525 1875 invidia
1556 1811 1915 1900 reprobans
1941 1808 2280 1876 confundit
2307 1810 2630 1875 honorem
2645 1808 2698 1875 ¹.

1189 2147 1258 2193 Χ.
1316 2146 1565 2198 VERSUS
1616 2148 1686 2196 11(
1745 2150 2037 2197 Lamum
2077 2150 2352 2199 summu
2416 2150 2726 2199 Amans,

994 2436 1233 2526 Magne
1260 2438 1519 2527 Sugere,
1544 2452 1754 2527 pater,
1781 2437 1881 2503 cui
1910 2460 2197 2503 summus
2231 2460 2391 2527 apex
2416 2437 2784 2503 meritorum

1084 2540 1262 2605 Inter
1286 2539 1638 2629 proeoipuos
1663 2540 1773 2606 dat
1798 2540 1939 2605 loca
1966 2539 2171 2630 prima
2197 2540 2388 2615 Deos,

995 2644 1269 2707 Carmen
1297 2642 1379 2707 ab
1408 2641 1621 2707 incudi
1649 2642 1898 2707 noviter
1929 2660 2198 2707 tractum
2229 2641 2350 2708 tibi
2381 2640 2564 2707 dono
2593 2662 2612 2707 t

1085 2740 1334 2833 Scripta
1360 2766 1585 2833 precor
1610 2743 1757 2807 lima
1785 2743 2037 2833 corrige
2064 2760 2278 2809 nostra
2313 2759 2442 2808 tua.

995 2844 1133 2910 Sint
1157 2844 1397 2910 inculta
1420 2845 1589 2925 lieet,
1616 2843 1743 2909 sint
1763 2844 1932 2923 vilia,
1965 2846 2090 2909 sint
2117 2846 2282 2910 male
2307 2862 2596 2935 compta,

1085 2948 1187 3012 Tu
1210 2947 1491 3037 preciosa
1514 2963 1756 3025 tamen,
1785 2970 1934 3012 eum
1957 2946 2114 3037 legis
2139 2946 2274 3024 illa,
2309 2946 2484 3012 facis.

996 3046 1245 3113 Laudes
1269 3072 1423 3137 ergo
1450 3070 1625 3114 meas
1652 3046 1736 3113 de
1762 3047 1952 3115 laude
1973 3066 2106 3130 tua,
2137 3072 2396 3141 precor,
2425 3047 2608 3115 audi.

1087 3154 1317 3221 Incitat
1342 3153 1427 3220 ad
1454 3154 1713 3219 laudem
1736 3178 1840 3219 me
1867 3176 2008 3221 mea
2031 3154 2216 3221 Musa
2241 3173 2444 3222 tuam.

996 3259 1159 3323 Cum
1189 3274 1419 3323 natura
1446 3280 1676 3348 parens
1697 3280 1913 3322 rerum
1933 3258 2101 3323 bene
2124 3274 2350 3323 cuncta
2375 3273 2648 3338 mearet,

1084 3362 1179 3425 Te
1202 3358 1573 3425 mirabiliter
1594 3358 1873 3425 condere
1893 3359 2219 3451 disposuit.

995 3465 1283 3551 Cumque
1308 3462 1455 3529 rudi
1486 3462 1567 3530 de
1598 3462 1864 3529 materia
1889 3466 2017 3529 sint
2043 3480 2250 3529 cetera
2283 3480 2508 3543 tracta,

1084 3566 1177 3630 Te
1205 3566 1335 3630 Dea
1364 3565 1446 3631 de
1476 3588 1678 3631 massa
1719 3564 2036 3632 nobiliore
2065 3565 2233 3632 tulit.

999 3664 1399 3755 Artificisque
1427 3666 1537 3731 diu
1566 3668 1835 3733 dubium
1862 3665 1984 3732 fuit
2006 3666 2070 3732 in
2099 3666 2348 3734 ratione

1082 3770 1316 3833 Utrum
1342 3769 1678 3834 mortalem
1702 3768 1836 3833 sive
1859 3770 2066 3834 Deum
2095 3768 2358 3835 faceret.

992 3984 1051 4040 1.
1090 3984 1173 4039 Ex
1216 4001 1326 4043 ωε.
1358 3982 1555 4042 codice
1598 3982 1956 4042 bibliothecae
1995 3982 2166 4063 regiae
2199 3984 2636 4059 Bruxellarum,
2673 3974 2956 4041 duodecimo

908 4069 1100 4129 seculo
1128 4071 1343 4150 scripto
1371 4071 1580 4149 (Sectio
1604 4076 1686 4144 11,
1713 4082 1778 4129 η’
1810 4074 2104 4144 5385-86‚
2135 4072 2194 4131 iu
2216 4072 2375 4151 fine).
