3275 5317
859 566 976 623 aas
1306 562 1644 619 oznvnns
1685 545 2116 621 commas
2154 564 2256 619 nr.
2291 563 2566 623 sucta.

856 694 1191 793 idemque
1234 692 1690 793 praebendam
1741 693 2060 791 plenarie
2113 696 2418 767 restituit
2457 694 2593 768 sub
2649 720 2869 767 manu
2897 712 2954 768 et

851 810 1301 883 anathemate
1323 810 1501 881 Coni
1534 808 1937 898 cardinalis,
1960 824 2032 881 et
2055 808 2565 909 archiepiscopi
2593 809 2952 895 Eut-ohim,

854 943 925 1001 et
954 924 1411 999 Clarenbaldi
1475 925 1792 1023 episcopi
1847 924 2414 1015 silvanectensis,
2443 951 2664 1023 quam
2702 926 2951 999 Rober-

852 1058 967 1116 tus
1012 1066 1133 1113 rex
1170 1064 1439 1137 magnae
1470 1041 1746 1140 pietatis
1784 1066 1826 1111 a
1855 1041 2175 1139 capitulo
2207 1040 2350 1112 suis
2382 1040 2720 1140 precibus
2749 1043 2954 1140 impe-

852 1172 1185 1229 traverat.
1224 1156 1428 1228 Idem
1476 1181 1591 1228 rex
1647 1169 1812 1253 post
1839 1156 2223 1228 Matutinos
2281 1154 2470 1227 beati
2530 1158 2850 1251 Dionysii
2891 1158 2951 1228 in

852 1274 1141 1347 ecclesia
1197 1272 1389 1345 beati
1436 1272 1633 1344 Pauli
1683 1296 1901 1370 opera
1942 1271 2448 1344 misericordiae
2487 1287 2562 1343 et
2611 1272 2953 1343 orationes

849 1414 1283 1489 prosequens
1304 1442 1323 1477 ,
1399 1387 1579 1461 dum
1610 1388 1918 1461 ecclesiae
1983 1388 2462 1461 humilitatem
2537 1403 2613 1459 et
2677 1386 2952 1459 clericos

850 1504 1175 1603 ejusdem
1198 1504 1504 1599 benigne
1529 1504 1662 1575 Dei
1693 1504 1983 1575 servitio
2013 1527 2262 1574 vacare
2292 1504 2755 1601 prospiceret,
2788 1517 2866 1573 ut
2892 1503 2948 1571 ei

852 1624 1043 1693 Deus
1071 1621 1596 1718 propitiaretur,
1641 1618 1734 1691 de
1762 1616 1932 1690 fisco
1965 1642 2098 1689 suo
2131 1617 2369 1689 eidem
2401 1616 2714 1690 ecclesiae
2747 1616 2947 1687 dona·

847 1734 952 1804 vit
994 1731 1492 1805 molendinum
1522 1731 1615 1804 de
1641 1734 1903 1803 Sancto
1943 1732 2318 1820 Luciano’‚
2355 1746 2425 1802 et
2461 1729 2946 1803 molendinum

841 1849 1042 1945 juxta
1087 1851 1389 1919 Pontem
1439 1846 1769 1919 Malberti
1821 1846 1914 1919 ad
1957 1846 2227 1918 fontem
2277 1847 2620 1943 positum.
2649 1846 2944 1917 Tertium

846 1986 1018 2034 vero
1101 1985 1434 2060 parvum,
1509 1962 1634 2059 qui
1713 1962 1841 2034 diu
1911 1985 2260 2059 aquarum
2315 1959 2944 2059 superabundantia

848 2079 923 2149 in
970 2079 1180 2149 certis
1205 2078 1229 2115 ⁸
1289 2076 1740 2174 temporibus
1803 2078 2288 2150 infructuosus
2335 2090 2558 2148 cessat
2581 2130 2600 2167 ,
2674 2073 2944 2147 furnum

849 2194 941 2264 de
999 2195 1259 2264 Sancto
1311 2191 1672 2281 Marcello,
1744 2206 1816 2264 et
1887 2192 2180 2263 furnum
2239 2191 2330 2262 de
2387 2207 2598 2289 porta
2651 2189 2940 2277 Basuini,

850 2305 1125 2403 integro
1162 2304 1666 2378 misericordiae
1717 2306 2010 2391 affectu,
2047 2304 2570 2403 supplicatione
2597 2318 2670 2377 et
2695 2305 2944 2375 meritis

846 2419 1273 2492 clericorum
1302 2473 1322 2510 ,
1398 2420 1805 2491 communis
1858 2420 2400 2492 benefactorum
2453 2444 2714 2493 manus
2769 2420 2944 2491 attri-

845 2534 1028 2607 buit.
1107 2535 1443 2607 Clausum
1515 2534 1603 2607 de
1686 2539 1912 2607 Strata
1945 2590 1965 2626 ,
2035 2535 2358 2608 clausum
2419 2534 2512 2607 de
2591 2534 2944 2607 Cot-meliis

846 2666 916 2722 et
958 2649 1277 2721 clausum
1337 2648 1429 2720 de
1482 2652 1725 2720 Monte
1773 2651 2248 2741 Morenciaco,
2299 2650 2621 2723 clausum
2661 2650 2755 2722 de
2787 2650 2939 2721 Dio·

846 2764 1016 2861 gilo,
1055 2780 1127 2836 et
1171 2764 1517 2862 quantula
1561 2788 1816 2837 census
1864 2766 2100 2863 portio
2134 2766 2321 2836 circa
2370 2764 2614 2836 villam
2669 2780 2744 2837 et
2781 2763 2942 2835 infra

845 2880 1146 2976 adjacet,
1180 2878 1694 2977 supplicatione
1731 2895 1804 2952 et
1837 2881 2108 2952 meritis
2139 2879 2562 2952 eorumdem
2592 2878 2842 2951 fratres
2877 2902 2941 2948 se

846 2997 977 3068 Dei
1004 2995 1294 3067 servitio
1316 3010 1391 3067 et
1416 2994 1820 3067 elemosinis
1873 2994 2334 3093 adjungentes
2379 2994 2612 3067 eidem
2650 2993 2940 3067 ecclesiae

844 3108 1397 3181 misericorditer
1467 3110 2002 3207 impenderunt.
2071 3114 2326 3183 Actum
2405 3125 2474 3181 et
2537 3108 2939 3181 roboratum

842 3227 918 3297 in
1000 3223 1314 3321 capitulo
1392 3226 1586 3296 Beati
1653 3227 1998 3323 Dionysii,
2059 3249 2256 3299 anno
2329 3225 2678 3298 incarnati
2746 3218 2940 3293 Verbi

842 3342 1369 3429 Mcxxxvl11⁰‚
1423 3338 1817 3414 indictione
1867 3344 2019 3433 XV,
2069 3356 2315 3439 epacta
2370 3342 2622 3429 XXVI,
2660 3358 2941 3411 concur-

847 3468 1054 3527 rente
1136 3456 1293 3524 11110
1316 3506 1337 3543 ,
1428 3478 1617 3525 anno
1693 3478 1864 3529 vero
1955 3454 2611 3529 amministrationis
2695 3464 2940 3523 nostrae

842 3573 1055 3642 XVI0.

940 3686 1236 3780 Signum
1292 3683 1542 3759 domni
1583 3688 1855 3782 Sugerii
1907 3686 2207 3761 abbatis·
2258 3693 2333 3761 S.
2361 3685 2618 3760 Hervei
2665 3685 2936 3785 prioris.

841 3786 919 3871 S.
960 3801 1302 3874 Bernardi
1352 3803 1828 3901 praecentoriS.
1894 3805 1966 3877 S.
2005 3803 2346 3902 Stephani
2401 3802 2837 3876 thesaurarii.
2865 3800 2936 3869 S.

842 3915 1183 3990 Gaufredi
1212 3918 1566 4016 capicerii.

920 4174 947 4230 1
969 4215 982 4228 .
1016 4170 1190 4245 Quod
1209 4187 1421 4229 nomen
1448 4166 1776 4229 Felibianus
1802 4188 1920 4229 non
1940 4168 2102 4249 legit.

922 4268 985 4323 2.
1016 4268 1083 4326 V.
1114 4266 1313 4344 supra,
1348 4283 1411 4343 p.
1440 4261 1579 4323 ¹58.
1624 4295 1708 4311 —
1747 4267 1805 4325 3.
1831 4269 2076 4324 Incertis
2093 4261 2227 4322 edd.
