3275 5317
636 590 733 645 m:
772 588 869 647 LA
910 576 1471 647 consacaflton
1515 590 1614 647 ms
1658 590 2152 653 sAtNT-DEMS.
2339 594 2456 652 213

1049 956 1433 1005 amamus
1498 956 1748 1021 Amr-11

616 1085 740 1151 DE
811 1082 1623 1152 CONSECRATIONE
1693 1082 2178 1152 ECCLESIAE

970 1226 1277 1286 SANCTI
1354 1224 1812 1289 DIONst.

426 1455 487 1527 1.
554 1450 984 1523 Divinarum
1035 1448 1669 1548 humanorumque
1716 1449 2198 1549 disparitatem
2249 1454 2462 1525 unius

332 1582 403 1641 et
434 1562 805 1663 singularis
841 1590 1282 1664 summaeque
1313 1566 1611 1638 rationis
1654 1566 1761 1638 vis
1809 1565 2248 1638 admirabilis
2278 1592 2455 1640 con-

342 1680 809 1783 temperando
840 1697 1208 1780 coaequat:
1245 1697 1317 1753 et
1344 1706 1503 1780 quae
1534 1682 1826 1777 originis
1871 1683 2334 1756 inferioritate
2387 1700 2458 1755 et

334 1816 607 1873 naturae
634 1798 1132 1871 contrarietate
1156 1798 1462 1871 invicem
1492 1821 1889 1897 repugnare
1910 1799 2273 1885 videntur,
2305 1800 2458 1896 ipsa

334 1916 487 1989 sola
516 1915 732 1987 unius
766 1914 1153 2014 superioris
1196 1915 1583 1987 moderatae
1622 1916 1967 1989 armoniae
2014 1916 2449 1989 convenien-

330 2035 433 2105 tia
464 2046 661 2127 grata
699 2028 1149 2128 concopulat.
1171 2031 1389 2128 Cujus
1413 2031 1745 2129 profecto
1768 2056 2066 2103 summae
2083 2047 2155 2103 et
2176 2047 2453 2103 aeternae

330 2146 627 2220 rationis
677 2145 1217 2245 participatione
1261 2146 1388 2244 qui
1441 2146 1731 2242 gloriosi
1781 2145 1971 2218 effici
2018 2146 2452 2236 innituntur,

330 2263 587 2338 crebro
620 2264 695 2337 in
732 2262 910 2337 solio
938 2262 1202 2335 mentis
1231 2276 1495 2357 argutae
1524 2263 1728 2361 quasi
1767 2287 1900 2361 pro
1941 2259 2291 2333 tribunali
2333 2286 2454 2333 re-

328 2379 667 2471 sidentes,
702 2377 794 2451 de
824 2378 1357 2453 concertatione
1388 2378 1730 2450 continua
1762 2376 2102 2449 similium
2135 2391 2210 2448 et
2235 2375 2454 2449 dissi-

329 2491 641 2581 milium,
676 2505 752 2562 et
798 2488 1327 2561 contrariorum
1372 2486 1771 2560 inventioni
1814 2502 1887 2559 et
1923 2486 2201 2584 judicio
2245 2488 2452 2559 insis-

326 2620 538 2695 tunt3
592 2606 667 2676 in
719 2618 999 2675 aeternae
1062 2602 1421 2700 sapientiae
1482 2602 1778 2673 rationis
1827 2602 2056 2693 fonte,
2114 2601 2454 2675 charitate

326 2720 804 2821 ministrante,
841 2715 1034 2790 unde
1059 2716 1255 2790 bello
1285 2716 1624 2791 intestino
1657 2733 1730 2789 et
1761 2715 2096 2789 seditioni
2129 2718 2453 2790 interiori

329 2832 708 2923 obsistant,
743 2831 1123 2905 salubriter
1148 2832 1604 2921 exhauriunt,
1651 2830 2042 2930 spiritualia
2072 2832 2451 2931 corporali-

332 2949 471 3021 bus
495 3002 515 3039 ,
578 2963 840 3020 aeterna
915 2946 1414 3021 deficientibus
1488 2962 2008 3047 praeponentes,
2073 2952 2452 3048 Corporeae

329 3062 803 3137 sensualitatis
844 3064 1276 3135 exteriorum
1322 3086 1663 3135 sensuum
1695 3063 2055 3135 molestias
2085 3078 2156 3135 et
2187 3068 2450 3162 gravis·-

330 3180 546 3251 simas
602 3178 925 3273 angarias
980 3191 1427 3276 postponunt
1470 3200 1487 3245 ε
1534 3174 1628 3247 ab
1687 3200 1938 3248 earum
1987 3181 2451 3276 oppressione

330 3294 597 3392 seipsos
663 3292 1139 3380 sublevantes,
1205 3289 1703 3364 solidissimam
1764 3294 2027 3365 mentis
2085 3296 2310 3367 aciem
2375 3297 2450 3367 in

329 3435 535 3509 spem
598 3424 875 3483 aeternae
941 3406 1311 3503 infigentes
1380 3407 2010 3500 remunerationis,
2073 3410 2442 3479 aeternitati

332 3539 615 3597 tantum
660 3524 977 3597 studiose
1027 3522 1550 3621 obsequuntur.
1610 3522 1935 3594 Carnalia
1985 3520 2339 3593 desideria
2376 3523 2449 3593 in

330 3639 879 3712 admirationem
918 3654 992 3711 et
1018 3637 1499 3737 spectaculum
1536 3636 1845 3709 aliorum
1877 3633 2399 3707 obliviscuntur
2426 3664 2447 3727 3

332 3780 628 3827 summae
679 3754 975 3827 rationis
1031 3753 1175 3825 hoc
1234 3751 1486 3844 modo,
1544 3767 1615 3823 et
1665 3765 1943 3822 aeternae
1991 3748 2452 3825 beatitudinis

331 3872 725 3961 consortio,
756 3870 1219 3969 promittente
1244 3868 1611 3962 unigenito
1649 3864 1781 3935 Dei
1813 3863 1966 3935 filio
2007 3890 2022 3934 :
2055 3870 2146 3937 In
2159 3870 2450 3963 patien-

334 3988 439 4059 te’a
464 3984 910 4086 possidebit&
938 3988 1221 4056 am'nzas
1242 4000 1505 4055 vestras
1530 3982 1582 4071 ²,
1618 4004 1692 4051 se
1729 3978 2048 4073 gloriosae
2079 3982 2448 4054 conscien-

414 4184 471 4240 1.
502 4180 597 4241 Sic
616 4178 943 4239 intitulatur
963 4177 1305 4259 opusculum
1335 4176 1486 4236 istud
1511 4175 1666 4255 apud
1693 4173 2022 4235 chesnium.

414 4276 475 4335 2.
506 4277 673 4335 Lucae
699 4276 948 4352 Evangq
970 4292 1100 4345 xxi,
1137 4274 1233 4331 ¹9.
